2475 4000
683 228 894 277 mar-:n
915 230 987 275 11.
1021 228 1168 276 cnr.
1193 225 1433 279 ἰο-43.
1970 215 2050 276 59

74 387 218 445 biam
247 386 539 461 omiserat,
578 383 681 443 sed
707 383 780 443 ab
811 368 1014 442 intimis
1041 382 1287 465 Augusti
1316 382 1585 456 monitus,
1632 382 1763 459 quia
1802 378 2047 439 florente

75 470 212 531 Gaio
247 466 502 528 Caesare
543 469 838 545 missoque
870 466 942 525 ad
981 484 1077 525 res
1119 466 1357 523 orientis
1397 466 1570 523 intuta
1600 464 1815 523 Tiberii
1858 463 2045 522 amici-

77 556 149 612 tia
183 551 542 611 credebatur.
611 560 672 609 ut
698 568 870 610 versa
901 548 1210 609 Caesarum
1241 547 1447 607 subole
1477 548 1775 625 imperium
1806 546 2047 624 adeptus
2070 561 2118 601 ιο

73 645 191 713 est,
236 636 397 695 elicit
436 634 783 694 Archelaum
824 634 1018 693 matris
1057 633 1275 707 literis,
1332 648 1479 709 quae
1522 648 1638 689 non
1690 629 2050 693 dissimulatis

77 720 168 779 filii
199 718 614 779 offensionibus
645 718 1002 777 clementiam
1031 714 1346 791 offerebat,
1388 716 1438 773 si
1470 714 1542 774 ad
1570 711 1929 792 precandum
1952 732 2049 771 ve-

75 806 234 862 niret.
309 802 412 861 ille
452 804 686 879 ignarus
728 800 844 860 doli
891 800 1019 875 vel,
1063 800 1114 859 si
1151 798 1503 875 intellegere
1541 798 1907 870 crederetur,
1940 798 2053 854 vim

75 895 324 945 metuens
354 888 413 944 in
445 884 644 945 urbem
671 886 974 964 pro'perat;
1009 880 1407 960 exceptusque
1428 883 1626 941 immiti·
1654 900 1687 941 a
1712 880 1973 958 principe
1998 887 2054 937 et

75 988 202 1029 mox
229 977 536 1029 accusatus
567 969 624 1027 in
655 976 886 1043 senatu,
925 984 1040 1025 non
1081 965 1156 1026 ob
1199 968 1445 1027 crimina.
1473 983 1621 1044 quae
1666 962 2049 1040 fingebantur,
2075 983 2123 1023 15

78 1062 159 1112 set
189 1070 434 1130 angore,
473 1052 636 1111 simul
664 1052 856 1111 fessus
881 1053 1042 1110 senio
1073 1058 1132 1109 et
1164 1051 1295 1128 quia
1325 1049 1563 1125 regibus
1596 1066 1810 1126 aequa,
1848 1043 2071 1106 nedum*

76 1138 254 1196 infima
301 1136 532 1195 insolita
579 1144 733 1212 sunt,
786 1135 955 1193 finem
993 1136 1146 1193 vitae
1198 1142 1407 1211 sponte
1462 1152 1535 1193 an
1595 1132 1713 1191 fato
1774 1130 2054 1208 implevit.

74 1238 306 1295 regnum
337 1220 398 1279 in
429 1220 780 1297 provinciam
816 1217 1111 1277 redactum
1141 1224 1247 1292 est,
1287 1216 1679 1294 fructibusque
1710 1216 1832 1274 eius
1876 1214 2058 1273 levari

79 1320 245 1379 posse
291 1304 646 1363 centesimae
687 1302 941 1378 vectigal
997 1300 1300 1379 professus
1342 1298 1560 1361 Caesar
1610 1300 2057 1359 ducentesimam

74 1388 128 1443 in
159 1397 457 1464 posterum
484 1386 696 1448 statuit.
755 1403 862 1463 per
895 1384 1044 1443 idem
1073 1393 1297 1462 tempus
1318 1380 1609 1443 Antiocho
1634 1381 2053 1458 Commageno·
2074 1397 2126 1437 20

74 1487 222 1544 rum,
264 1470 642 1547 Philopatore
674 1467 914 1528 Cilicum
953 1467 1190 1543 regibus
1227 1467 1513 1529 defunctis
1546 1466 1918 1527 turbabantur
1957 1482 2053 1523 na-

75 1554 286 1630 tiones,
323 1553 998 1633 plerisqueRomanum,
1033 1552 1159 1611 aliis
1187 1552 1409 1628 regium
1445 1552 1745 1629 imperium
1771 1549 2055 1629 cupienti·

77 1634 204 1705 bus;
239 1647 298 1697 et
326 1638 668 1716 provinciae
697 1636 860 1695 Suria
889 1644 1063 1713 atque
1093 1634 1335 1712 Iudaea,
1370 1637 1565 1696 fessae
1606 1634 1911 1709 oneribus,
1960 1631 2054 1691 de·

77 1720 440 1780 minutionem
465 1720 659 1807 tributi
689 1718 948 1779 orabant.

197 1804 298 1864 43.
355 1804 536 1881 Igitur
581 1803 730 1863 haec
768 1812 828 1863 et
867 1803 940 1863 de
989 1802 1259 1863 Armenia
1310 1820 1458 1880 quae·
1512 1820 1684 1878 supra
1744 1799 2056 1859 memoravi

77 1886 221 1963 apud
251 1896 448 1966 patres
477 1887 761 1963 disseruit,
792 1905 901 1947 nec
931 1904 1106 1965 posse
1130 1894 1343 1945 motum
1374 1886 1651 1944 orientem
1680 1885 1789 1943 nisi
1828 1884 2058 1943 Germa·

76 1971 182 2029 nici
225 1972 508 2050 sapientia
551 1972 828 2051 conponi:
887 1988 1014 2030 nam
1065 1986 1224 2030 suam
1279 1975 1523 2028 aetatem
1568 1983 1850 2042 vergere,
1890 1965 2061 2023 Drusi

75 2051 318 2114 nondum
353 2057 500 2115 'satis
547 2055 893 2115 adolevisse.
983 2064 1120 2114 tunc
1177 2052 1419 2112 decreto
1472 2059 1691 2129 patrum
1744 2050 2060 2128 permissae

75 2135 412 2195 Germanico
459 2140 800 2214 provinciae·
838 2155 984 2215 quae
1031 2138 1171 2196 mari
1209 2134 1559 2212 dividuntur,
1612 2134 1906 2211 maiusque
1962 2133 2061 2190 im·
2088 2143 2126 2193 εἴ

73 2220 332 2294 perium,
377 2236 607 2297 quoquo
655 2220 903 2296 adisset,
951 2238 1115 2298 quam
1157 2221 1226 2278 iis
1256 2220 1350 2296 qui
1379 2227 1537 2278 sorte
1568 2227 1663 2279 aut
1700 2219 1875 2278 missu
1910 2219 2076 2294 prin-=

74 2301 223 2378 cipis
269 2299 611 2371 obtinerent.
667 2303 772 2362 sed
800 2302 1066 2362 Tiberius
1099 2302 1431 2363 demoverat
1458 2303 1625 2384 Suria
1658 2301 1945 2362 Creticum
1976 2301 2059 2362 Si-

73 2383 278 2460 lanum,
310 2402 416 2462 per
447 2384 792 2446 adfinitatem
823 2404 1109 2446 conexum
1141 2385 1513 2463 Germanico,
1559 2389 1687 2464 quia
1729 2386 1905 2444 Silani
1948 2385 2061 2444 fllia

75 2465 294 2527 Neroni
324 2469 712 2529 vetustissimo
747 2469 1060 2530 liberorum
1104 2472 1226 2531 eius
1266 2480 1434 2550 pacta
1472 2479 1627 2545 erat,
1674 2469 2062 2547 praefecerat·

79 2567 183 2626 que
216 2548 320 2610 Cn.
355 2551 643 2630 Pisonem,
682 2555 918 2630 ingenio·
942 2554 1253 2614 violentum
1284 2563 1341 2614 et
1366 2553 1632 2631 obsequii
1662 2545 1941 2629 ignarum,
1974 2553 2056 2608 in·
2082 2566 2131 2606 10

82 2635 180 2693 sita
219 2635 445 2696 ferocia
467 2691 470 2698 .
490 2655 524 2696 a
563 2644 730 2714 patre
770 2635 1014 2714 Pisone,
1063 2641 1160 2716 qui
1200 2638 1355 2698 civili
1395 2637 1553 2697 bello
1598 2642 1975 2711 resurgentes
2005 2635 2064 2692 in

82 2713 272 2778 Africa
304 2727 500 2798 partes
549 2721 834 2780 acerrimo
874 2721 1188 2781 ministerio
1233 2721 1513 2782 adversus
1548 2719 1860 2785 Gaesarem
1900 2719 2063 2792 iuvit,

81 2816 206 2860 mox
229 2801 458 2864 Brutum
497 2812 558 2864 et
601 2803 865 2872 Cassium
905 2813 1166 2882 secutus,
1219 2816 1522 2865 concesso*
1557 2804 1743 2864 reditu
1788 2803 2063 2882 petitione

83 2880 352 2950 honorum
389 2887 695 2965 abstinuit,
748 2887 940 2947 donec
987 2887 1136 2948 ultro
1179 2889 1487 2949 ambiretur
1531 2887 1776 2948 delatum
1823 2885 1901 2945 ab
1948 2885 2063 2944 Au-

85 2976 240 3038 gusto
293 2971 652 3042 consulatum
706 2971 1000 3049 accipere.
1075 2970 1180 3029 sed
1223 2981 1455 3052 praeter
1511 2981 1785 3050 paternos
1830 2969 2063 3047 spiritus
2085 2971 2147 3027 ις

84 3054 268 3112 uxoris
301 3071 535 3132 quoque
563 3055 878 3116 Plancinae
919 3052 1217 3113 nobilitate
1259 3063 1319 3114 et
1361 3054 1569 3132 opibus
1608 3053 2062 3120 accendebatur;

87 3131 174 3191 vix
201 3134 434 3198 Tiberio
468 3139 832 3214 concedere,
879 3136 1102 3197 liberos
1144 3139 1271 3196 eius
1310 3147 1370 3197 ut
1400 3137 1633 3198 multum
1680 3138 1826 3197 infra
1856 3136 2063 3214 despe-

85 3221 250 3276 ctare.
315 3239 426 3280 nec
457 3221 684 3282 dubium
712 3221 964 3282 habebat
991 3238 1057 3280 se
1087 3221 1406 3297 delectum,
1452 3221 1548 3298 qui
1576 3223 1776 3280 Suriae
1808 3222 2064 3298 impone·

85 3305 228 3358 retur
261 3303 332 3364 ad
362 3323 500 3383 spes
533 3305 858 3368 Germanici
885 3304 1268 3365 coercendas.
1333 3303 1635 3363 credidere
1678 3302 1905 3382 quidam
1938 3304 2067 3363 data

34 3396 50 3451 1,
85 3386 137 3434 et
169 3399 200 3442 a
230 3384 460 3447 Tiberio
492 3389 720 3449 occulta
754 3389 1043 3456 mandata:
1095 3397 1153 3447 et
1192 3389 1522 3450 Plancinam
1565 3387 1715 3447 haud
1746 3386 1915 3448 dubie
1950 3387 2064 3447 Au·
2081 3399 2134 3440 20

33 3497 53 3555 p
83 3473 239 3532 gusta
281 3473 498 3530 monuit
540 3473 938 3534 aemulatione.
970 3471 1238 3534 muliebri
1286 3472 1669 3552 Agrippinam
1728 3471 2063 3532 insectandi.
