2475 4000
296 175 435 244 ,288
807 157 1139 232 c'ounnnn
1181 183 1420 232 ‘mmm
1457 183 1828 231 Armenium

314 345 395 404 sis
420 339 935 420 quizbarbarorum
978 341 1217 417 propius
1265 337 1818 415 suggrediebantur,
1854 338 2052 400 *donec
2079 341 2332 416 'ig-nium

315 431 465 488 iaetu
502 424 1031 486 circumveniretur.
1090 423 1343 500 peditum
1371 425 1424 482 si
1459 424 1589 501 quis
1627 423 1854 498 integer
1895 424 2215 502 longinqua
2265 433 2332 483 et

318 513 477 586 avia,
524 508 806 568 vulnerati
850 517 1041 568 eastra
1068 508 1450 586 repetivere,
1479 507 1748 566 virtutem
1781 509 1972 584 regis,
2018 509 2334 567 saevitiam

318 603 375 654 et
410 593 613 671 copias
647 594 924 669 gentium,
958 599 1166 652 cuncta
1196 600 1353 652 metu
1385 590 1754 667 extollentes,
1785 591 1943 651 facili
1976 591 2330 652 credulitate

248 698 298 740 10
318 697 516 738 eorum
536 678 646 755 .qui
692 676 895 736 eadem
927 674 1235 754 pavebant.
1297 681 1370 734 ne
1405 673 1520 734 dux
1551 674 1778 753 quidem
1809 675 1990 735 obniti
2031 676 2327 752 adver-sis,

318 762 422 824 sed
466 770 671 822 cuncta
706 761 939 822 militiae
982 761 1168 819 munia
1198 760 1567 837 deseruerat,
1609 760 1798 820 missis
1836 762 2041 820 iterum
2071 761 2144 820 ad
2177 757 2328 819 Gor·-

317 848 591 907 bulonem
622 843 927 924 precibus,
976 845 1203 907 veniret
1234 861 1527 923 propere,
1573 845 1740 920 sig-na
1771 853 1834 904 et
1871 843 2094 922 aquilas
2127 853 2188 902 et
2217 861 2328 902 no·

317 950 449 992 men
483 931 769 1007 reliquum
806 928 1057 988 infelicis
1094 930 1388 987 exercitus
1425 937 1712 988 tueretur:
1760 945 1827 988 se
1869 928 2040 988 fldem
2073 929 2326 1004 interim,

318 1017 507 1080 donee
540 1015 655 1074 vita
685 1012 1033 1092 subpeditet,
1066 1021 1413 1072 retenturos.

345 1165 351 1176 ,
446 1100 544 1160 12.
590 1097 711 1158 Ille·
734 1099 1023 1158 interritus
1058 1106 1116 1156 et
1146 1105 1312 1176 parte
1342 1098 1642 1175 copiarum
1667 1097 1818 1176 apud
1843 1098 2067 1158 Suriam
2090 1098 2326 1174 relicta,

319 1194 379 1245 ut
406 1185 747 1244 munimenta
775 1181 1059 1260 Euphrati
1090 1183 1352 1271 ipposita·
1369 1184 1788 1258 retinerentur,
1839 1199 1950 1260 qua
1997 1184 2332 1261 proximum

320 1278 379 1328 et
406 1266 818 1330 commeatibus
848 1283 965 1326 uon
996 1283 1276 1344 egenum,
1305 1267 1608 1342 regionem
1637 1264 2122 1343 Commagenam,
2169 1267 2332 1344 exim

322 1352 792 1432 Cappadociam,
830 1350 981 1410 inde·
1004 1349 1318 1409 Armenios
1363 1350 1584 1428 petivit.
1649 1350 2065 1411 comitabantur
2095 1351 2330 1410 exerci-

275 1456 301 1494 5
324 1447 441 1496 tum
484 1445 719 1512 praeter
768 1434 883 1493 alia·
924 1444 1087 1495 sueta
1130 1434 1288 1494 bello
1325 1451 1532 1510 magua
1567 1437 1669 1495 ,vis
1715 1435 2066 1495 camelorum
2121 1445 2333 1495 onusta

320 1519 619 1594 frumenti,
666 1528 727 1578 ut
768 1517 933 1578 simul
977 1517 1206 1578 hostem
1245 1519 1576 1596 famemque
1597 1518 1948 1597 depelleret.
2015 1518 2268 1597 primum
2299 1537 2334 1578 e

322 1601 611 1683 perculsis
666 1601 932 1662 Paccium
980 1603 1145 1679 primi
1210 1602 1312 1680 pili
1373 1604 1764 1662 centurio-nem
1817 1602 2050 1664 obvium
2103 1602 2332 1680 habuit,

322 1688 455 1748 dein
495 1684 812 1764 plerosque
852 1684 1121 1754 militum;
1168 1702 1316 1764 qnos
1357 1685 1618 1746 diversas
1662 1686 1838 1764 fug-ae
1881 1705 2088 1747 causas
2121 1687 2332 1747 obten-

320 1771 529 1831 dentes
558 1769 753 1829 redire
782 1768 854 1828 ad
887 1771 1052 1846 sigua
1080 1779 1137 1828 et
1162 1769 1526 1830 clementiam
1547 1770 1708 1830 Paeti
1729 1771 1988 1849 experiri
2015 1771 2332 1831 monebat:

253 1872 303 1914 ιο
326 1873 389 1916 se
430 1855 540 1913 nisi
580 1853 897 1914 victoribus
944 1855 1211 1914 immitem
1238 1871 1394 1937 esse.
1461 1854 1627 1914 simul
1669 1871 1804 1916 suas
1844 1855 2113 1932 legiones
2145 1855 2333 1933 adire,

322 1940 575 2017 hortari,
621 1940 873 2018 priorum
914 1938 1257 2017 admonere,
1297 1941 1508 1999 novam
1537 1939 1786 2017 gloriam
1821 1939 2152 2001 ostendere.
2213 1957 2336 2001 non
2373 1989 2388 2001 .

322 2027 493 2085 vices
524 2034 619 2084 aut
654 2024 866 2103 oppida
901 2024 1334 2099 Armeniorum,
1383 2012 1503 2083 sed¹
1531 2034 1720 2089 castra
1763 2026 2021 2085 Romana
2067 2024 2334 2103 duasque

324 2111 381 2167 in
414 2110 485 2167 iis
530 2108 800 2185 legiones
847 2110 1093 2185 pretium
1134 2107 1360 2167 laboris
1392 2106 1563 2186 peti.¹
1597 2110 1644 2167 si
1683 2109 1926 2187 singulis
1957 2109 2330 2187 manipulari-

252 2248 275 2254 -
326 2192 435 2253 bus
464 2193 782 2270 praecipua
826 2193 1042 2251 servati
1086 2193 1230 2251 civis
1263 2209 1479 2252 corona
1508 2193 1880 2271 imperatoria
1911 2210 2079 2253 manu
2111 2192 2330 2253 tribue·

257 2297 308 2339 15
327 2285 518 2350 retur,
564 2275 719 2352 quod
756 2275 901 2335 illud
942 2284 1001 2334 et
1032 2284 1299 2353 quantum
1330 2276 1527 2353 decus,
1559 2276 1654 2336 ubi
1688 2294 1796 2355 par
1823 2293 2022 2337 eorum
2055 2294 2330 2337 numerus

326 2360 718 2437 aspiceretur,
762 2360 859 2437 qui
900 2358 1239 2419 adtulissent
1273 2360 1514 2419 salutem
1547 2371 1608 2419 et
1651 2363 1746 2441 qui
1787 2362 2193 2439 accepissent!
2241 2361 2330 2419 his

328 2452 499 2521 atque
538 2442 750 2502 talibus
789 2445 847 2502 in
896 2461 1193 2503 commune
1245 2444 1475 2507 alacres
1529 2446 1624 2523 (et
1664 2454 1826 2504 erant
1871 2463 2036 2523 quos·
2064 2445 2332 2523 pericula

326 2528 561 2587 fratrum
592 2536 690 2587 aut
722 2529 1175 2607 propinquorum
1206 2529 1458 2607 propriis
1493 2528 1737 2587 stimulis
1757 2528 2170 2605 incenderent)
2191 2546 2328 2589 con·

326 2613 539 2671 tinuum
570 2611 665 2670 diu
696 2622 989 2690 noctuque
1017 2614 1129 2671 iter
1155 2611 1572 2690 properabant.

458 2695 554 2755 13.
593 2696 799 2775 quue
830 2697 1105 2755 intentius
1134 2696 1476 2773 Vologeses
1507 2714 1776 2775 premere
1807 2696 2121 2773 obsessos,
2151 2697 2328 2757 modo

327 2779 539 2839 vallum
569 2778 882 2857 legionum,
914 2781 1087 2840 modo
1122 2781 1451 2857 castellum,
1499 2796 1611 2859 quo
1655 2780 1888 2842 inbellis
1920 2790 2082 2841 aetus
2127 2781 2328 2841 defen-

330 2862 599 2941 debatur,
632 2862 987 2943 adpugnare,
1020 2865 1264 2944 propius
1308 2864 1584 2924 incedens
1615 2882 1784 2945 quam
1817 2882 1944 2925 mos
1970 2864 2234 2940 Parthis,
2285 2867 2330 2924 si

330 2966 399 3007 ea
429 2950 753 3008 temeritate
783 2948 1009 3009 hostem
1046 2950 1105 3008 in
1133 2948 1420 3026 proelium
1453 2944 1715 3009 eliceret.
1787 2959 1844 3009 at
1879 2950 1961 3009 illi
1993 2951 2097 3008 vix
2129 2959 2329 3009 eontu-

278 3051 306 3090 5
330 3031 545 3091 berniis
589 3036 867 3110 extracti,-
919 3051 1029 3092 nec
1072 3033 1225 3093 aliud
1268 3051 1435 3111 quam
1476 3037 1818 3093 munimenta
1862 3033 2330 3112 propugnabant,

328 3134 465 3195 pars
501 3118 657 3176 iussu
688 3117 881 3194 ducis,
916 3127 975 3177 et
1003 3117 1097 3180 alii
1135 3119 1375 3196 propria
1409 3118 1642 3195 ignavia
1673 3127 1766 3178 aut
1800 3115 2191 3177 Corbulonem
2226 3136 2330 3197 op·

331 3202 646 3277 perientes,
680 3220 749 3261 ac
785 3204 875 3262 vis
906 3202 970 3261 si.
990 3203 1314 3278 ingrueret,
1349 3203 1600 3280 provisis
1633 3201 1922 3280 exemplis
1950 3201 2155 3263 cladis
2183 3200 2328 3261 Cau-

331 3280 497 3343 dinae
530 3284 1050 3364 Numantinaeque;
1095 3303 1286 3363 neque
1330 3285 1569 3345 eandem
1607 3287 1721 3345 vim
1744 3285 2090 3345 Samnitibus
2122 3284 2328 3346 Italico

334 3368 554 3444 populo
587 3386 655 3428 ac
686 3368 928 3445 Parthis,
960 3370 1201 3430 Romani
1235 3370 1460 3449 imperii
1489 3371 1746 3430 aemulis.
1811 3368 2058 3430 validam
2093 3387 2328 3449 quoque

265 3470 315 3511 10
334 3458 391 3506 et
422 3449 703 3511 laudatam
724 3454 1138 3530 antiquitatem,
1171 3456 1436 3532 quotiens
1466 3452 1692 3535 fortuna
1719 3463 1918 3514 contra
1943 3452 2128 3531 daret,
2158 3454 2326 3515 saluti

2263 3654 2282 3683 ὁ
