2475 4000
373 153 455 214 92
892 159 1220 208 CORNELII
1249 127 1483 206 TAbrrl
1507 159 1882 207 ANNALmM

374 320 675 380 videbatur
733 324 1177 398 suspectumque
1238 315 1362 376 iam.
1419 313 1622 375 nimiae
1693 315 1826 394 spei
1893 314 2174 377 Seianum
2241 316 2369 375 ultra

376 403 676 464 extulisse.
729 393 738 411 “

496 487 596 549 30.
641 486 783 546 Fine
821 487 951 544 anni
1000 503 1354 546 concessere
1398 484 1514 546 vita
1554 486 1814 563 insignes
1859 485 1975 544 viri
2020 484 2084 544 L.
2117 483 2371 544 Volusius

377 582 439 632 et
476 570 779 631 Sallustius
823 567 1113 649 Crispus„
1159 569 1408 630 Volusio
1462 579 1632 630 vetus
1684 571 1902 630 familia
1955 587 2154 647 neque
2203 578 2372 628 tamen

376 665 699 738 praeturam
730 673 1022 733 egressaz·
1050 643 1180 734 ipse
1229 652 1587 712 consulatum
1630 655 1847 732 intulit,
1905 653 2183 714 censoria
2224 655 2372 711 etiam

378 749 661 821 potestate
692 739 964 817 legendis
992 741 1243 818 equitum
1275 737 1524 797 decuriis
1571 739 1832 816 functus,
1885 755 2219 817 opumque,
2261 738 2371 813 quis

328 828 577 887 sdomus
608 826 707 885 illa
748 827 1065 885 inmensum
1110 823 1326 900 viguit,
1371 823 1588 900 primus
1629 823 2060 882 adcumulator.
2131 818 2370 898 Crispum

339 929 347 944 ·
375 911 629 992 equestri
659 918 841 969 ortum
872 908 1007 967 loco
1043 905 1109 967 C.
1144 905 1450 967 Sallustius
1464 903 1491 984 ,Ἀ
1511 923 1702 966 rerum
1732 908 2136 967 Romanarum
2181 905 2370 963 floren·
2426 933 2427 942 κ

372 999 623 1057 tissimus
661 1002 891 1068 auctor,
944 992 1165 1053 sororis
1207 1000 1482 1070 nepotem
1523 993 1833 1052 in'nomen
1875 991 2155 1052 adscivit.
2219 997 2372 1064 atque

372 1083 503 1158 ille,
559 1095 897 1158 quamquam
938 1084 1227 1156 prompto
1293 1075 1362 1134 ad
1430 1076 1826 1156 capessendos
1884 1076 2156 1135 honores
2213 1071 2368 1144 aditu,

376 1161 1122 1227 Maecenatemaemulatus
1156 1161 1280 1223 sine
1315 1159 1590 1237 dignitate
1621 1163 1920 1221 senatoria
1955 1159 2174 1218 multos
2200 1157 2372 1214 trium·
2426 1175 2427 1220 ᾗ

308 1269 355 1308 10
379 1249 629 1330 phalium
662 1245 1166 1331 consulariumque
1201 1247 1457 1323 potentia
1487 1237 2034 1322 anteiit‚'diversus
2068 1261 2101 1302 a
2137 1249 2366 1300 veterum
2426 1247 2427 1284 ῑ

376 1335 633 1393 instituto
666 1350 771 1410 per
804 1330 1014 1390 cultum
1056 1339 1113 1389 et
1154 1329 1454 1389 munditias
1497 1332 1784 1409 copiaque
1831 1339 1891 1389 et
1937 1327 2207 1389 alluentia
2245 1323 2366 1382 luxu
2426 1339 2427 1406 ζ

376 1417 639 1497 propior.
710 1414 944 1473 suberat
972 1423 1160 1472 tamen
1199 1415 1374 1490 vigor
1401 1415 1569 1473 animi
1595 1413 1927 1492 ingentibus
1972 1411 2228 1489 negotiis
2255 1425 2360 1486 par,
2426 1407 2427 1482 J

378 1519 453 1561 eo
482 1501 695 1574 acrior,
729 1516 842 1576 quo
873 1512 1131 1557 somnum
1162 1506 1221 1556 et
1265 1499 1525 1558 inertiam
1565 1501 1750 1576 magis
1795 1497 2152 1575 ostentabat.
2215 1492 2364 1568 igitur
2426 1503 2427 1570 ᾗ

378 1584 648 1645 incolumi
676 1581 1015 1642 Maecenate
1064 1583 1390 1661 proximuS‚
1437 1601 1572 1642 mox
1618 1585 1968 1662 praecipuus
2019 1581 2114 1640 cui
2163 1581 2364 1636 secreta
2426 1581 2427 1636 ζ

310 1688 358 1728 15
378 1671 787 1747 imperatorum
830 1667 1205 1725 inniterentur
1256 1674 1316 1724 et
1352 1667 1732 1726 interficiendi
1771 1666 2032 1727 Postumi
2086 1663 2364 1739 Agrippae
2426 1723 2427 1734 ἶ

380 1753 686 1828 conscius,
737 1759 925 1810 aetate
970 1759 1252 1829 provecta
1296 1752 1554 1828 speciem
1599 1753 1783 1828 magis
1829 1753 1886 1811 in
1929 1748 2187 1810 amicitia
2235 1742 2364 1822 prin·

382 1839 528 1915 cipis
575 1853 741 1914 quam
788 1837 901 1894 vim
939 1837 1140 1894 tenuit.
1194 1833 1367 1912 idque
1413 1844 1470 1895 et
1511 1835 1838 1895 Maecenati
1883 1835 2216 1906 acciderat,
2260 1826 2359 1884 fato

379 1921 671 2001 potentiae
715 1929 849 1978 raro
900 1920 1320 1998 sempiternae,
1378 1937 1450 1978 an
1495 1921 1666 1979 satias
1714 1921 1867 2000 capit
1917 1922 2024 1979 aut¹
2052 1917 2214 1988 illos,
2255 1924 2363 1968 cum

380 2008 565 2066 omnia
596 2004 945 2081 tribuerunt,
982 2013 1078 2064 aut
1104 2004 1245 2083 hoe,
1294 2022 1420 2063 cum
1459 2004 1569 2065 iam
1611 2004 1750 2065 nihil
1793 2005 2080 2083 reliquum
2115 2008 2203 2060 est
2233 1988 2360 2073 quod

310 2113 361 2153 20
385 2092 637 2169 cupiant.

481 2175 609 2235 ‘31.
654 2174 924 2250 Sequitur
953 2172 1151 2249 Tiberi
1181 2181 1448 2251 quartuS‚
1490 2172 1662 2231 Drusi
1705 2172 1995 2233 secundus
2031 2165 2361 2234 consulatuS,

382 2258 561 2335 patris
606 2266 777 2336 atque
826 2256 925 2315 filii
968 2256 1225 2333 collegio
1271 2257 1534 2333 insignis.
1611 2274 1740 2316 nam
1781 2257 2031 2315 triennio
2085 2262 2211 2314 ante
2243 2247 2359 2307 Ger-

268 2381 276 2387 =
380 2342 587 2399 manici
620 2358 746 2399 cum
780 2340 1013 2401 Tiberio
1062 2341 1211 2400 idem
1255 2340 1442 2400 honor
1483 2358 1672 2419 neque
1719 2348 1923 2419 patruo
1975 2340 2168 2400 laetus
2197 2345 2361 2408 neque

240 2442 245 2451 ·
378 2434 583 2485 natura
627 2434 741 2484 tam
786 2443 1045 2485 conexus
1095 2424 1302 2483 fuerat.
1397 2424 1520 2482 eius
1577 2420 1708 2482 anni
1769 2413 2060 2503 principio
2117 2415 2360 2481 Tiberius

336 2510 546 2588 squasi
577 2509 884 2571 firmandae
920 2507 1233 2568 valetudini
1277 2508 1334 2566 in
1369 2504 1736 2585 Campaniam
1782 2512 2106 2585 concessit,
2156 2505 2362 2575 longam

384 2602 441 2652 et
484 2596 808 2653 continuam
850 2592 1167 2651 absentiam
1208 2589 1479 2669 paulatim
1531 2590 1844 2669 meditans,
1899 2595 2024 2652 sive
2079 2600 2141 2651 ut
2191 2589 2358 2647 amolo

382 2685 547 2756 patre
576 2676 799 2737 Drusus
823 2677 1007 2735 munia
1035 2673 1367 2733 consulatus
1398 2673 1558 2734 solus
1589 2676 1876 2754 impleret.
1933 2696 2002 2736 ac
2026 2677 2180 2737 forte
2204 2680 2360 2749 parva

381 2778 480 2819 res
512 2770 778 2838 magnum
808 2758 879 2819 ad
913 2768 1205 2835 certamen
1237 2774 1555 2835 progressa
1586 2760 1852 2838 praebuit
1873 2762 2063 2819 iuveni
2089 2752 2360 2819 materiem

384 2843 681 2923 apiscendi
713 2843 952 2902 favoris
1003 2841 1286 2904 Domitius
1319 2839 1576 2910 Corbulo
1627 2854 1898 2923 praetura
1938 2846 2164 2905 functus
2202 2838 2268 2897 de
2304 2832 2355 2891 L-

316 2942 365 2982 10
385 2929 546 2987 Sulla
577 2927 754 2987 nobili
785 2928 992 2984 iuvene
1031 2934 1268 3002 questus
1305 2936 1395 2985 est
1432 2929 1583 3008 apud
1623 2919 1913 3006 senatum,
1960 2929 2114 3007 quod
2160 2922 2262 2985 sibi
2291 2919 2358 2974 in-

385 3022 473 3071 ter
503 3010 838 3090 spectacula
874 3009 1254 3085 gladiatorum
1284 3001 1420 3071 loco
1445 3030 1560 3074 non
1590 3012 1963 3073 decessisset.
2023 3030 2132 3092 pro
2159 3002 2356 3069 Corbu-

385 3096 521 3155 lone
550 3104 738 3170 aetas‚
781 3094 997 3171 patrius
1040 3108 1198 3169 mos,
1245 3095 1426 3155 studia
1465 3098 1756 3157 seniorum
1798 3106 1991 3156 erant:
2039 3085 2358 3157 contrama-

385 3197 614 3243 mercus
664 3177 915 3237 Scaurus
974 3187 1032 3236 et
1080 3176 1144 3237 L.
1187 3176 1492 3239 Arruntius
1551 3181 1763 3259 aliique
1819 3181 2018 3240 Sullae
2076 3166 2359 3259 propinqui

388 3263 731 3321 nitebantur.
786 3260 1195 3339 certabantque
1226 3263 1581 3323 orationibus
1615 3273 1671 3323 et
1703 3264 2163 3339 memorabantur
2185 3269 2354 3319 exem·

320 3369 366 3409 15
389 3346 484 3423 pla
514 3346 810 3423 maiorum,
844 3348 938 3423 qui
968 3347 1276 3406 iuventutis
1317 3348 1762 3408 inreverentiam
1805 3347 2078 3426 gravibus
2130 3335 2356 3406 decretis

386 3431 771 3506 notavissent,
820 3429 1005 3490 donec
1046 3429 1270 3490 Drusus
1327 3439 1459 3508 apta
1511 3432 1900 3509 temperandis
1953 3433 2148 3491 animis
2198 3427 2356 3486 disse-
