2475 4000
312 205 393 267 86
830 211 1161 260 corruunt
1186 211 1419 258 ‘mom
1445 211 1814 258 ANNALmM

309 372 423 430 tiae
454 384 618 426 meae
650 383 927 444 nusquam
958 366 1122 426 locus
1150 374 1265 440 est,
1305 365 1450 424 deos
1482 365 1813 424 inmortales
1858 373 2045 425 testor
2089 365 2314 424 vixisse

306 471 429 526 me,
466 450 717 525 Caesar,
764 467 891 510 cnm
934 449 1047 508 fide
1090 450 1396 508 adversum
1439 458 1532 524 te,
1581 466 1772 526 neque
1814 449 1925 508 alia
1970 450 2026 507 in
2065 457 2314 508 matrem

307 548 455 597 tuam
487 536 731 612 pietate;
764 551 990 612 vosque
1020 548 1129 592 oro
1158 532 1359 592 liberis
1391 533 1537 592 ineis
1580 533 1930 608 consulatis,
1975 550 2052 591 ex
2101 532 2318 610 quibus

307 619 411 679 Cn.
449 620 583 678 Piso
616 619 1020 696 qualicumque
1051 617 1318 678 fortunae
1347 633 1513 676 meae
1541 633 1654 675 non
1685 626 1776 676 est
1807 617 2110 675 adiunctus
2130 662 2147 692 ,
2179 635 2314 678 cum

234 719 286 758 20
308 721 473 763 omne
514 703 629 764 boc
668 711 893 780 tempus
930 703 987 759 in
1030 700 1171 760 urile
1210 701 1428 778 egerit,
1480 699 1554 758 M.
1589 701 1724 760 Piso
1764 710 2036 780 repetere
2085 702 2322 760 Suriam

308 787 644 847 dehortatus
690 795 798 844 est.
864 794 1039 863 atque
1079 787 1292 844 utinam
1333 803 1447 863 ego
1496 785 1690 862 potius
1732 785 1850 844 filio
1900 785 2092 846 iuveni
2141 803 2320 864 quam

304 872 403 930 ille
438 872 585 949 patri
625 870 748 928 seni
782 871 1082 953 cessisset.
1144 885 1215 928 eo
1247 869 1546 948 inpensius
1588 886 1803 947 precor
1849 887 1922 927 ne
1967 887 2134 928 meae
2180 887 2317 949 pra-

305 957 495 1016 vitatis
527 971 749 1033 poenas
780 953 1045 1012 innoxius
1075 952 1213 1012 luat.
1275 970 1385 1031 per
1409 953 1662 1031 quinque
1700 963 1757 1012 et
1787 952 2166 1031 quadraginta
2214 971 2317 1012 an—

301 1055 501 1098 norum
546 1038 921 1116 obsequium,
982 1055 1090 1116 per
1140 1037 1453 1115 collegium
1488 1037 1822 1096 consulatus
1853 1038 2141 1114 quondam
2177 1037 2318 1096 divo

232 1139 283 1178 25
303 1123 565 1201 Augusto
595 1123 819 1201 parenti
866 1131 965 1181 tuo
1012 1121 1290 1202 probatus
1341 1130 1400 1182 et
1440 1119 1542 1180 tibi
1585 1123 1800 1180 amicus
1851 1139 1962 1180 nec
2004 1122 2322 1198 quicquam

232 1200 237 1206 ’
301 1208 611 1286 posthaec
640 1216 951 1289 rogaturus
986 1207 1231 1267 salutem
1260 1205 1508 1266 infelicis
1547 1204 1650 1264 filii
1694 1197 1878 1282 rogo?
1926 1205 1999 1265 de
2037 1204 2320 1265 Plancina

301 1291 437 1350 nihil
469 1291 703 1350 addidit.

428 1375 502 1432 17
508 1418 521 1430 .
562 1372 703 1433 Post
736 1391 885 1450 quae
921 1372 1187 1433 Tiberius
1220 1373 1656 1434 adulescentem
1685 1373 1923 1433 crimine
1951 1373 2140 1432 civilis
2165 1373 2314 1433 helii

300 1458 596 1535 purgavit,
629 1458 1051 1534 patris-quippe
1082 1458 1239 1518 iussa
1270 1474 1381 1516 uec
1423 1460 1686 1536 potuisse
1731 1457 1906 1518 fllium
1951 1457 2314 1532 detrectare,

302 1539 466 1600 simul
507 1539 868 1600 nobilitatem
910 1541 1149 1617 domus,
1199 1543 1372 1600 etiam
1413 1543 1594 1620 ipsius
1634 1559 1868 1621 quoquo
1913 1542 2090 1602 modo
2115 1543 2318 1601 meriti

299 1643 535 1702 gravem
568 1639 761 1683 casum
790 1625 1111 1684 miseratus.
1179 1641 1291 1704 pro.
1337 1625 1608 1686 Plancina
1657 1643 1784 1685 cum
1825 1627 2049 1705 pudore
2099 1635 2158 1684 et
2203 1625 2312 1685 fla-

252 1711 443 1786 5·gitio
474 1709 767 1783 disseruit,
790 1709 983 1767 matris
1010 1725 1227 1786 preces
1251 1710 1596 1787 obtendens,
1621 1712 1678 1769 in
1699 1729 1864 1788 quam
1890 1710 2090 1788 optimi
2113 1711 2312 1770 cnius-

300 1811 410 1870 que
448 1791 663 1850 secreti
700 1801 935 1869 questus
979 1795 1163 1870 magis
1203 1793 1611 1854 ardescebant.
1681 1796 1739 1854 id
1785 1811 1930 1872 ergo
1978 1794 2066 1854 fas
2111 1795 2312 1870 aviae,

297 1875 746 1936 interfectricem
783 1878 1013 1955 nepotis
1055 1878 1397 1958 adspicere,
1452 1879 1719 1957 adloqui,
1773 1881 2002 1958 eripere
2055 1880 2315 1938 senatui.

297 1959 451 2041 quod
480 1977 586 2039 pro
620 1961 881 2023 omnibus
913 1963 1135 2028 civibus
1157 1964 1326 2041 leges
1351 1961 1668 2041 obtineant,
1699 1965 1794 2023 uni
1819 1962 2160 2025 Germanico
2187 1979 2314 2024 non

297 2047 633 2122 contigisse.
692 2045 913 2106 Vitellii
948 2057 1007 2107 ct
1032 2048 1271 2109 Veranii
1315 2065 1466 2108 voce
1512 2047 1786 2109 defletum
1831 2047 2180 2124 Caesarem,
2231 2050 2312 2108 ab

229 2144 278 2185 ιο
296 2131 645 2207 imperatore
676 2139 733 2189 et
763 2130 1024 2206 Augusta
1058 2133 1356 2193 defensam
1383 2132 1733 2193 Plancinam.
1793 2132 2038 2212 proinde
2074 2149 2310 2193 venena

294 2222 355 2271 et
388 2220 544 2271 artes
575 2221 688 2272 tam
720 2212 976 2274 feliciter
1005 2228 1280 2296 expertas
1313 2224 1574 2277 verteret
1601 2218 1660 2278 iu
1690 2217 2068 2295 Agrippinam
2087 2261 2104 2292 ,
2149 2216 2212 2275 in
2239 2217 2308 2276 li-

292 2296 469 2355 beros
501 2297 657 2371 eius,
693 2298 1106 2379 egregiamque
1140 2304 1322 2362 aviam
1354 2319 1424 2361 ac
1468 2311 1730 2381 patruum
1773 2303 2052 2378 sang-uine
2098 2302 2308 2361 miser-

289 2381 468 2439 rimae
498 2379 699 2439 domus
743 2385 1073 2444 exsatiaret.
1149 2385 1382 2446 biduum
1423 2404 1604 2465 super
1649 2387 1758 2445 hac
1803 2387 2051 2462 imagine
2101 2387 2306 2462 cogni-

289 2464 460 2537 tionis
492 2464 882 2543 absumptum,
910 2479 1193 2547 urguente
1240 2468 1478 2529 Tiberio
1522 2468 1746 2530 liberos
1787 2470 2017 2530 Pisonis
2058 2478 2300 2529 matrem

223 2567 273 2606 15
293 2549 371 2607 uti
400 2556 716 2611 tuerentur.
780 2560 838 2610 et
868 2570 995 2612 cum
1026 2562 1402 2613 accusatores
1431 2572 1502 2613 ac
1531 2563 1716 2614 testes
1749 2556 2010 2616 certatim
2056 2572 2302 2633 perora-

288 2639 416 2690 rent
461 2634 855 2711 respondente
902 2636 1094 2712 nu110,
1140 2638 1434 2696 miseratio
1479 2656 1650 2715 quam
1691 2639 1904 2699 invidia
1949 2637 2300 2716 augebatur.

288 2716 502 2795 primus
534 2721 871 2779 sententiam
903 2729 1141 2795 rogatus
1173 2719 1448 2781 Aurelius
1483 2719 1654 2783 Cotta
1682 2724 1888 2783 consul
1936 2724 2096 2802 (nam
2141 2723 2306 2782 refe-

288 2807 451 2859 rente
484 2799 741 2863 Caesare
770 2805 1137 2879 magistratus
1168 2820 1241 2864 eo
1274 2805 1445 2865 etiam
1473 2824 1711 2867 munere
1737 2807 2158 2885 fungebantur)
2192 2824 2303 2866 no-

286 2902 417 2943 meu
451 2884 676 2945 Piso'nis
704 2887 1015 2946 radendum
1044 2886 1209 2947 fastis
1243 2892 1487 2965 censuit,
1521 2901 1748 2969 partem
1781 2893 2065 2951 bonorum
2109 2890 2304 2971 publi-

217 2984 269 3026 20
291 2968 547 3043 eandam,
583 2988 717 3047 pars
754 2979 815 3029 ut
855 2967 957 3028 Cn.
995 2970 1189 3031 Pisoni
1220 2973 1338 3033 lilio
1366 2974 1790 3035 concederetur
1831 2978 2000 3055 isque
2045 2994 2302 3055 praeno-

288 3069 417 3110 men
448 3062 723 3121 mutaret;
757 3052 832 3112 Μ.
862 3054 999 3114 Piso
1025 3066 1197 3117 exuta
1214 3058 1490 3137 dignitate
1514 3066 1574 3119 et
1593 3070 1843 3139 accepto
1871 3062 2304 3138 quinquagiens

289 3138 561 3196 sestertio
589 3138 645 3195 in
674 3138 877 3197 decem
912 3154 1092 3199 annos
1121 3142 1519 3221 relegaretur,
1555 3160 1840 3205 concessa
1870 3144 2178 3205 Plancinae
2213 3146 2300 3204 in-

290 3220 620 3280 columitate
652 3222 725 3281 ob
766 3240 979 3299 preces
1014 3224 1335 3302 Augustae.

419 3306 515 3363 18.
557 3302 735 3366 Multa
770 3322 845 3365 ex
886 3322 955 3367 ea
1004 3313 1287 3370 sententia
1325 3312 1583 3387 mitigata
1625 3322 1755 3371 sunt
1798 3330 1831 3373 a
1877 3313 2173 3391 principe:
2221 3332 2296 3371 ne

287 3402 493 3445 nomen
525 3388 749 3449 Pisonis
782 3390 948 3452 fastis
976 3396 1348 3468 eximeretur;
1383 3394 1610 3473 quando
1642 3395 1716 3454 M.
1751 3396 2000 3473 Antonii,
2040 3400 2135 3476 qui
2169 3398 2296 3457 bel-

287 3467 402 3527 lum
434 3472 654 3547 patriae
684 3473 945 3552 fecisset,
978 3476 1086 3538 Iuli
1122 3479 1376 3556 Antonii,
1410 3481 1506 3558 qui
1537 3480 1762 3539 domum
1798 3480 2044 3557 Augusti
2076 3481 2296 3540 violas·
