2475 4000
547 142 553 147 ’
655 140 990 237 1ιιιιιιιιιιίιν.
1025 139 1481 245 canas—‘tls
1612 166 1620 173 ’
1946 178 2065 241 125

95 360 198 420 que
227 350 462 421 coeptus
493 342 618 401 dies
653 351 714 402 et
745 353 1028 421 concentu
1060 342 1319 405 tubarum
1349 364 1419 405 ac
1459 348 1606 405 truci
1648 348 1902 409 clamore
1932 341 2066 406 ade·

92 434 209 485 rant
237 427 610 487 semisomnos
641 428 697 485 in
739 425 1052 504 barbares,
1097 428 1453 506 praepeditis
1494 430 1861 491 Numidarum
1902 432 2069 508 equis
2136 478 2155 497 Ι

92 517 180 567 aut
225 509 486 571 diversos
541 520 740 589 pastus
791 511 1240 590 pererrantibus.
1322 512 1391 572 ab
1427 514 1716 577 ,Romanis
1772 515 2069 575 consertus

89 592 292 671 pedes,
325 594 642 673 dispositae
671 603 923 671 turmae,
979 600 1184 655 cuncta
1221 596 1453 673 proelio
1502 598 1766 676 provisa:
1804 597 2067 657 hostibus

89 686 276 738 contra
301 680 552 745 omnium
586 680 804 738 nesciis
831 696 950 739 non
979 697 1162 757 arma,
1203 697 1319 739 non
1362 680 1507 740 ordo
1528 726 1545 757 ,
1593 698 1707 739 non
1751 681 2067 758 consilium,
2088 680 2139 721 ¹⁰

87 760 185 819 sed
209 760 488 839 pecorum
515 762 688 823 modo
728 762 907 839 trahi,
931 762 1142 839 occidi,
1182 765 1329 841 capi.
1385 764 1645 823 infensus
1668 764 1835 823 miles
1858 779 2070 823 memo-

88 846 164 915 ria
205 844 464 913 laborum
509 855 568 905 et
609 846 910 905 adversum
951 846 1236 906 eludentis
1292 855 1536 925 optatae‘
1576 850 1789 907 totiens
1845 865 2073 926 pugnae

89 945 144 986 se
174 932 412 1009 quisque
444 930 662 990 ultione
695 938 754 989 et
793 931 1071 1005 sanguine
1117 930 1449 1011 explebant.
1509 930 1767 991 differtur
1813 949 1919 1010 per
1960 950 2073 991 ma·

86 1013 320 1091 nipulos,
357 1015 785 1077 Tacfarinatem
815 1030 1032 1091 omnes,
1060 1023 1258 1075 notum
1297 1023 1383 1075 tot
1412 1015 1687 1092 proeliis,
1731 1023 2073 1074 consecten-

86 1103 192 1155 tur:
223 1117 336 1159 non
366 1100 478 1159 nisi
510 1097 658 1157 duce
691 1098 1000 1157 interfecto
1031 1098 1293 1175 requiem
1319 1097 1459 1157 belli
1491 1099 1641 1159 fore.
1694 1107 1753 1158 at
1780 1098 1881 1165 ille
1916 1099 2071 1158 deie-
2092 1098 2142 1139 ¹⁵

87 1181 181 1240 ctis
213 1184 428 1243 circum
460 1179 834 1281 stipatoribus
870 1182 1182 1259 vinctoque
1212 1182 1323 1242 iam
1353 1181 1473 1242 filio
1506 1190 1591 1241 et
1601 1182 1799 1241 effusis
1823 1182 2073 1260 undique

84 1263 360 1343 Romanis,
395 1262 669 1326 ruendo
651 1283 710 1325 m
739 1264 856 1324 tela
889 1266 1281 1341 captivitatem
1314 1265 1463 1326 haud
1492 1266 1677 1329 inulta
1700 1275 1884 1367 morte
1932 1266 2072 1336 effu-

83 1349 158 1423 git
185 1351 343 1427 isque
379 1352 514 1410 finis
545 1351 714 1409 armis
745 1347 1068 1425 impositus
1137 1391 1144 1403 .

197 1434 293 1498 26.
329 1432 689 1496 Dolabellae
720 1432 957 1510 petenti
953 1429 1172 1491 abnuit
1214 1432 1575 1511 triumphalia
1620 1406 1921 1512 Tiberius,
1968 1433 2071 1493 Se-

82 1517 202 1578 iano
237 1519 516 1595 tribuens,
547 1536 620 1576 ne
648 1516 842 1577 Blaesi
877 1515 1142 1579 avunculi
1168 1517 1291 1579 eius
1315 1517 1439 1577 laus
1470 1517 1896 1579 obsolesceret.
1968 1516 2072 1577 sed

79 1614 256 1680 neque
287 1605 534 1666 Blaesus
568 1601 700 1661 ideo
738 1600 1048 1677 inlustrior,
1087 1610 1144 1659 et
1173 1600 1308 1660 huic
1338 1604 1598 1678 negatus
1614 1602 1801 1661 honor
1824 1602 2071 1677 gloriam

79 1685 333 1748 intendit:
375 1691 594 1767 quippe
632 1686 855 1747 minore
899 1685 1160 1745 exercitu
1203 1686 1445 1763 insignis
1489 1687 1784 1765 captiVOS,
1832 1684 2071 1745 caedem

80 1768 228 1829 ducis
273 1772 531 1852 bellique
573 1769 826 1833 confecti
870 1769 1078 1828 famam
1122 1768 1475 1867 deportarat.
1562 1769 1953 1846 sequebantur
2011 1777 2069 1829 et
2096 1774 2120 1813 ⁵

79 1851 465 1919 Garamantum
496 1855 696 1933 legati,
732 1870 866 1915 raro
898 1854 955 1911 in
987 1851 1132 1911 urbe
1163 1854 1291 1929 visi,
1325 1870 1471 1930 quos
1502 1850 1868 1916 Tacfarinate
1894 1870 2069 1913 caeso

63 1939 338 2014 perculsa
393 1958 538 2017 gens
587 1949 646 2002 et
696 1938 1134 2037 culpaenescia
1167 1935 1238 1995 ad
1288 1936 1431 1994 satis
1480 1935 1805 1993 faciendum
1849 1934 2070 2014 populo

74 2019 326 2084 Romano
374 2027 625 2084 miserat.
709 2022 960 2100 cognitis
1002 2019 1211 2080 dehinc
1256 2009 1576 2099 Ptolemaei
1626 2037 1732 2098 per
1772 2019 1829 2077 id
1856 2017 2074 2077 bellum

72 2107 266 2165 studiis
296 2109 578 2205 repetitus
608 2125 684 2166 ex
720 2112 951 2165 vetusto
981 2120 1144 2164 more
1177 2102 1364 2163 honos
1407 2104 1729 2180 missusque
1775 2121 1808 2162 e
1840 2110 2069 2163 senato-

69 2188 224 2246 ribus
256 2190 354 2265 qui
385 2191 716 2267 scipionem
735 2189 1044 2263 eburnum,
1077 2182 1275 2262 togam
1302 2188 1545 2265 pictam,
1584 2188 1815 2266 antiqua
1847 2195 2088 2266 patrum
2086 2193 2140 2233 ¹⁰

67 2287 338 2346 munera,
371 2271 532 2330 daret
559 2289 876 2350 regemque
906 2279 962 2330 et
985 2270 1228 2332 socium
1254 2279 1425 2348 atque
1454 2273 1694 2331 amicum
1724 2271 2113 2350 appellaret.

190 2355 294 2416 27.
344 2353 564 2414 Eadem
611 2363 832 2416 aestate
870 2363 1028 2414 mota
1073 2371 1181 2432 per
1234 2354 1471 2414 Italiam·
1508 2356 1737 2414 servilis
1789 2355 1928 2415 belli
1980 2374 2069 2415 se-

70 2443 212 2500 mina
242 2440 370 2500 fors
406 2441 722 2518 oppressit.
785 2446 987 2498 auctor
1013 2438 1285 2498 tumultus
1316 2438 1381 2499 T.
1424 2437 1740 2515 Curtisius,
1786 2439 2072 2518 quondam
2126 2469 2131 2474 ·

72 2525 394 2600 praetoriae
437 2523 696 2583 cohortis
740 2522 936 2598 miles,
986 2525 1168 2602 primo
1222 2521 1485 2592 coetibus
1517 2522 1889 2584 clandestinis
1921 2522 2071 2600 apud

73 2607 420 2672 Brundisium
455 2617 512 2668 et
548 2607 915 2677 circumiecta
947 2607 1195 2686 oppida,
1227 2625 1367 2668 mox
1412 2609 1617 2686 positis
1660 2606 1963 2686 propalam
2004 2606 2069 2664 li·
2113 2675 2120 2683 ‚

74 2689 236 2755 bellis
267 2692 343 2752 ad
387 2692 708 2752 libertatem
746 2690 996 2751 vocabat
1041 2693 1297 2768 agrestia
1343 2710 1451 2769 per
1490 2691 1843 2768 longinquos
1886 2690 2111 2750 saltuss
2196 2691 2201 2695 ’

74 2783 128 2834 et
153 2777 376 2848 {crocia
407 2777 670 2852 servitia,
697 2793 842 2836 cum
878 2775 1036 2833 velut
1075 2793 1313 2836 munere
1343 2775 1508 2834 deum
1541 2784 1660 2834 tres
1690 2775 1941 2834 biremes
1974 2773 2068 2835 ad·
2154 2813 2157 2816 ⁴

75 2859 270 2934 pulcre
305 2861 378 2920 ad
412 2877 558 2927 ,usus
591 2859 1026 2919 commeantium
1055 2859 1155 2917 illo
1187 2860 1345 2918 mari.
1410 2867 1468 2918 et
1509 2867 1632 2918 erat
1661 2859 1845 2918 isdem
1874 2860 2070 2934 regio·

75 2942 231 3002 nibus
248 2944 446 3004 Cutius
467 2943 659 3023 Lupus
686 2951 983 3021 quaestor,
1011 2943 1101 3000 cui
1126 2943 1427 3019 provincia
1450 2952 1653 3002 vetere
1673 2961 1749 3002 ex
1771 2960 1935 3002 more
1953 2941 2069 3004 cal-

77 3023 157 3083 les
179 3037 488 3089 evenerat:
518 3030 568 3087 is
593 3029 874 3105 disposita
899 3026 1324 3086 classiariorum
1348 3027 1519 3104 copia
1552 3035 1918 3104 coeptantem
1944 3043 2073 3084 cum

71 3113 308 3172 maxime
358 3112 812 3174 coniurationem
855 3109 1099 3170 disiecit.
1174 3109 1499 3187 missusque
1543 3129 1576 3170 a
1627 3108 1906 3170 Caesare'
1934 3115 2139 3187 pro-'10

76 3209 208 3288 pere
245 3197 432 3257 Staius
461 3196 721 3255 tribunus
761 3213 888 3254 cum
917 3193 1110 3254 valida
1147 3209 1317 3252 manu
1357 3191 1558 3252 ducem
1591 3195 1787 3271 'ipsum
1830 3202 1889 3255 et
1929 3209 2066 3270 pro-

73 3277 249 3338 ximos
279 3279 565 3341 audacia
548 3299 604 3340 ιιι
632 3279 832 3339 urbem
861 3279 1049 3353 traxit,
1081 3279 1192 3336 iam
1228 3275 1509 3375 trepidam
1535 3277 1627 3336 ob
1658 3277 2069 3337 multitudinem

73 3357 436 3453 familiarum,
486 3382 634 3443 quae
674 3361 963 3440 gliscebat
1004 3363 1353 3438 inmensum,
1396 3363 1619 3423 minore
1648 3363 1707 3422 in
1738 3360 1863 3420 dies
1892 3359 2068 3440 plebe

67 3440 330 3517 ingenua.
