2475 4000
366 177 492 246 218
666 184 671 188 ·
846 185 1179 234 coausnn
1215 163 1455 232 nonu
1483 182 1849 232 summum
2317 125 2380 250 ι,

368 349 765 425 paupertatem
810 337 1149 400 subsistere.
1218 347 1277 398 et
1321 339 1494 398 fixum
1540 347 1632 398 est
1669 355 1808 398 aere
1849 337 2087 417 publico
2115 333 2394 400 ‘senatus

280 411 287 430 “
369 425 723 500 consultum,
766 441 882 501 quo
923 421 1221 482 libertinus
1253 422 1503 482 sestertii
1543 429 1634 482 ter
1663 421 1888 501 miliens
1919 439 2245 502 possessor
2281 442 2390 484 an-

364 512 560 589 tiquae
592 507 978 586 parsimoniae
1006 505 1269 568 laudibus
1305 503 1746 567 cumulabatur..
2011 535 2036 560 .-

494 593 597 652 54.
634 590 713 652 At
742 607 857 650 non
886 590 1067 651 frater
1098 591 1240 666 eius,
1279 589 1666 666 cognomento
1696 586 1893 664 Felix,
1936 589 2062 666 pari
2099 589 2388 650 modera-

368 673 529 736 tione
561 673 822 752 agebat,
852 675 962 733 iam
1004 672 1225 751 pridem
1261 671 1511 747 Iudaeae
1549 674 1832 750 inpositus
1863 680 1921 731 et
1953 681 2162 732 cuncta
2191 673 2388 734 male·

364 761 523 820 facta
579 758 690 818 sibi
738 760 950 836 inpune
996 765 1154 816 ratus
1194 764 1349 816 tanta
1386 757 1643 834 potentia
1686 754 1950 815 subnixo.
2017 773 2160 816 sane
2198 774 2386 835 prae-

362 841 837 904 buerant'kidaei
876 841 1135 919 speciem
1167 848 1355 900 motus
1389 848 1518 900 orta
1543 837 1863 914 seditione,
1903 848 2210 918 postquam
2243 842 2386 918 *⁷²⁰²*

310 948 338 987 s
364 927 603 1004 cognita
634 923 815 984 caede
848 925 973 984 eius
1001 923 1154 984 baud
1182 922 1637 1001 obtemperatum
1665 931 1853 1000 esset,
1881 923 2386 1004 manebat-metus

358 1030 435 1072 ne
481 1011 609 1088 quis
650 1006 973 1088 principum
1016 1006 1214 1068 eadem
1267 1006 1640 1085 imperitaret.
1699 1013 1870 1084 atque
1923 1006 2150 1067 interim
2195 1006 2386 1068 Felix

352 1091 787 1172 intempestivis
814 1090 1084 1163 remediis
1118 1090 1330 1151 delicta
1359 1089 1748 1165 accendebat,
1789 1090 2017 1150 aemulo
2059 1091 2130 1150 ad
2174 1090 2380 1150 deter-

358 1181 505 1239 rima
552 1168 1158 1255 Ventidio'Cumano,
1206 1174 1297 1234 cui
1338 1191 1474 1252 pars
1516 1175 1850 1253 provinciae
1891 1173 2246 1250 habebatur,
2293 1176 2383 1235 ita

324 1265 335 1281 ·
362 1262 564 1323 divisis
596 1269 655 1322 ut
695 1259 831 1320 huic
862 1259 1251 1320 Galilaeorum
1282 1259 1469 1334 natio,
1503 1257 1688 1318 Felici
1719 1258 2032 1318 Samaritae
2061 1267 2378 1337 parerent,

291 1365 341 1406 10
365 1343 667 1410 discordes
710 1343 847 1403 olim
884 1352 941 1402 et
978 1351 1093 1402 tum
1122 1351 1454 1422 contemptu
1496 1341 1819 1418 regentium
1859 1343 2043 1402 minus
2081 1337 2378 1422 coercitis

364 1427 532 1488 odiis.
590 1427 766 1503 igitur
808 1434 1043 1503 raptare
1090 1426 1239 1486 inter
1289 1444 1388 1500 set,
1450 1427 1753 1486 immittere
1796 1424 2088 1504 latronums
2121 1424 2376 1503 globos,

361 1525 723 1588 ‚componere
753 1509 991 1568 insidias
1021 1517 1080 1568 et
1109 1508 1414 1587 aliquando
1440 1509 1680 1588 proeliis
1713 1509 2014 1586 congredi,
2049 1509 2376 1588 spoliaque

362 1603 419 1654 et
474 1591 724 1673 praedas
777 1591 847 1650 ad
895 1601 1306 1671 procuratores
1360 1593 1604 1652 referre.
1674 1591 1850 1670 hique
1897 1593 2079 1671 primo
2129 1592 2372 1670 laetari,

356 1695 495 1737 mox
524 1675 815 1752 gliscente
845 1676 1105 1754 pernicie
1134 1692 1261 1734 cum
1288 1693 1444 1736 arma
1465 1676 1700 1738 militum
1721 1677 2170 1753 interiecissent,
2205 1679 2375 1737 caesi

290 1783 341 1823 15
360 1759 599 1829 milites;
658 1760 1011 1837 arsissetque
1070 1758 1227 1819 bello
1284 1760 1618 1838 provincia,
1673 1760 1731 1818 ni
1789 1759 2114 1834 Quadratus
2141 1761 2372 1828 ‚Suriae

358 1853 557 1908 rector
586 1842 971 1905 subvenisset.
1018 1861 1141 1930 nec
1169 1842 1265 1902 diu
1294 1825 1571 1902 adversus
1596 1841 1875 1921 Iudaeos,
1918 1845 2014 1921 q'ui
2056 1845 2114 1902 in
2155 1861 2374 1903 necem

356 1927 595 1988 militum
632 1935 1061 2009 proruperant,
1106 1925 1417 1991 dubitatum
1457 1927 1592 2006 quin
1623 1927 1812 2006 capite
1841 1943 2062 2007 poenas
2100 1926 2368 1988 luerent:

362 2012 649 2074 Cumanus
696 2021 753 2072 et
796 2010 965 2071 Felix
1008 2012 1431 2072 cunctationem
1479 2010 1849 2087 adferebant,
1905 2013 2036 2089 quia
2085 2009 2370 2071 Claudius

362 2097 555 2157 causis
596 2093 940 2156 rebellionis
983 2094 1191 2155 auditis
1231 2097 1320 2154 ius
1363 2094 1643 2154 statuendi
1688 2096 1866 2163 etiam,
1898 2094 1969 2154 de
2013 2105 2365 2175 procurato-

282 2202 340 2241 πο
359 2180 519 2239 ribus
550 2178 807 2238 dederat.
866 2177 972 2239 sed
1006 2178 1332 2253 Quadratus
1357 2177 1614 2238 FeHcem
1655 2178 1806 2238 inter
1843 2179 2064 2238 iudices
2107 2188 2365 2239 ostenta·
2463 2254 2465 2265 Ι

358 2264 459 2338 vit,
490 2269 791 2339 receptum
827 2262 885 2321 in
911 2262 1183 2339 tribuual,
1214 2280 1329 2341 quo
1364 2260 1546 2322 studia
1578 2264 1961 2323 accusantium
1989 2261 2360 2323 deterreren-

356 2354 479 2416 tur;
516 2344 926 2425 damnatusque
962 2346 1310 2423 flagitiorum
1337 2363 1488 2423 quae
1519 2345 1631 2406 duo
1664 2345 2021 2425 deliquerant
2048 2344 2354 2422 cumanus,
2459 2406 2461 2411 .

356 2438 416 2490 et
448 2430 613 2507 quies
644 2431 979 2506 provinciae
1012 2428 1257 2488 reddita.
1320 2423 1324 2435 '

476 2514 579 2573 55.
599 2512 746 2573 *Nec
786 2512 963 2573 multo
1010 2520 1143 2589 post
1186 2514 1500 2589 agrestium
1529 2511 1770 2573 Cilicum
1811 2514 2100 2591 nationes,
2143 2510 2352 2589 quibus
2455 2558 2457 2571 .

358 2595 635 2657 Clitarum
674 2602 1156 2674 cognomentum,
1190 2613 1370 2675 saepe
1401 2605 1460 2656 et
1487 2596 1629 2657 alias
1658 2606 2006 2674 commotae,
2038 2606 2166 2656 tunc
2199 2594 2349 2655 Tro-

355 2679 585 2739 xobore
634 2680 781 2740 duce
819 2686 1046 2739 montes
1090 2696 1333 2755 asperos
1372 2682 1578 2741 castris
1619 2698 1836 2760 cepere
1875 2689 2048 2758 atque
2087 2678 2220 2739 inde
2250 2678 2378 2737 de-.
2437 2696 2453 2727 τ

265 2791 272 2796 ·
356 2781 527 2823 cursu
579 2764 636 2821 in
682 2763 851 2822 litora
912 2768 1007 2821 aut
1053 2760 1231 2821 urbes
1278 2766 1392 2823 vim
1446 2762 1762 2824 cultoribus
1814 2772 1874 2823 et
1925 2763 2232 2843 oppidanis
2283 2779 2356 2823 ac
2431 2758 2444 2767 '

309 2868 337 2909 5
360 2845 697 2924 plerumque
736 2846 795 2904 in
828 2852 1190 2929 mercatores
1236 2854 1294 2906 et
1345 2846 1729 2908 navicularios
1771 2846 2076 2908 audebant.
2147 2848 2352 2908 obses·
2447 2886 2449 2891 -

356 2948 536 3007 saque
582 2929 785 2989 civitas
825 2928 1293 3005 Anemuriensis,
1349 2939 1424 2991 et.
1453 2932 1611 2990 missi
1658 2950 1691 2991 e
1727 2932 1892 3012 Suria
1932 2932 1990 2990 in
2035 2930 2354 2991 subsidium

350 3012 583 3089 equites
625 3030 751 3071 cum
794 3010 1095 3089 praefecto
1141 3010 1336 3074 Curtio
1380 3015 1606 3074 Severo
1653 3014 1982 3091 turbantur,
2028 3014 2188 3094 quod
2229 3013 2352 3073 duri

356 3096 571 3155 circum
612 3094 729 3155 loci
775 3093 1177 3173 peditibusque
1216 3096 1290 3156 ad
1331 3115 1578 3176 pugnam
1620 3097 1816 3163 idonei
1857 3106 2131 3176 equestre
2176 3115 2350 3177 proe-

352 3177 489 3240 lium
511 3177 662 3239 haud
694 3176 1075 3256 patiebantur.
1137 3179 1268 3239 dein
1306 3198 1414 3239 rex
1441 3178 1564 3240 eius
1605 3197 1744 3241 orae
1771 3181 2100 3249 Antiochus
2131 3179 2348 3243 blandi-

284 3282 336 3324 ιο
354 3262 577 3322 πιεηιίει
592 3260 894 3321 adversum
921 3259 1183 3340 plebem,
1217 3262 1420 3332 fraude
1459 3264 1514 3323 in
1556 3263 1758 3324 ducem
1800 3258 1924 3325 cum
1969 3264 2351 3327 barbarorum

354 3346 557 3423 copias
598 3344 1007 3422 dissociasset,
1055 3344 1400 3407 Troxobore
1432 3348 1749 3427 paucisque
1783 3348 2134 3428 primoribus
2175 3350 2349 3425 inter·

349 3425 523 3486 fectis
554 3426 795 3493 ceteros,
815 3428 1119 3491 clementia
1148 3430 1493 3507 composuit.
1879 3467 1884 3473 -
