2475 4000
702 222 909 270 menn
930 224 1045 271 XV.
1070 190 1480 275 osuii—15.
1511 240 1514 245 -
1955 212 2077 277 289

48 376 479 439 *consuluisse
554 374 668 455 'qua
710 376 1115 456 desperatione
1170 370 1460 459 exercitus
1499 377 1613 438 dux
1653 379 1924 442 subactus
1961 380 2076 459 pri-

80 480 219 522 mas
254 470 441 521 tamen
472 460 669 537 literas
694 451 769 522 ad
791 461 1131 537 Vologesen
1162 478 1276 520 non
1300 460 1615 540 supplices,
1647 464 1829 523 sedin
1851 464 2075 527 modum

76 546 397 625 querentis
443 546 798 623 composuit,
849 545 1000 622 quod
1041 561 1151 623 pro
1191 545 1476 604 Armeniis
1521 563 1750 624 semper
1779 548 2073 608 Romanae

77 629 345 689 dicionis
362 636 466 687 aut
496 627 771 703 subiectis
800 630 952 705 regi,
986 646 1153 707 quem
1181 630 1496 707 imperator
1526 628 1870 705 delegisset,
1899 630 2075 691 hosti-

82 715 165 774 lia
210 712 465 772 faceret:
524 730 725 791 pacem
770 730 846 771 ex
888 729 1075 791 aequo
1118 712 1339 781 utilem;
1373 729 1456 771 ‚ne
1497 714 1824 791 praesentia
1863 721 2148 773 tantumn>
2238 715 2252 731 ‘

84 804 413 876 spectaret.
470 798 657 874 ipsum
700 795 977 865 adversus
1022 797 1162 856 duas
1201 796 1470 872 legiones
1501 794 1638 855 totis
1665 797 1832 873 regni
1860 796 2080 855 viribus

79 878 436 941 advenisse:
454 888 525 939 -at
553 880 827 941 Romanis
857 881 1055 940 orbem
1084 888 1364 939 terrarum
1390 878 1688 957 reliquum,
1721 894 1835 956 qno
1865 877 2083 939 bellum⁴

82 966 377 1023 iuvarent.
406 1011 412 1023 ,
592 1004 599 1019 .
846 1003 857 1012 .
1735 1018 1740 1026 ,

220 1046 320 1105 14.
361 1045 454 1106 Ad
499 1064 567 1106 ea
598 1046 933 1123 Vologeses
967 1045 1105 1105 nihil
1148 1063 1256 1125 pro
1299 1064 1500 1123 causa,
1545 1046 1647 1115 sed
1689 1046 2087 1124 opperiendos*

80 1130 201 1189 sibi
234 1130 446 1190 fratres
474 1130 753 1190 Pacorum
782 1148 851 1189 ac
875 1129 1165 1190 Tiridaten
1187 1132 1517 1208 rescripsitg
1547 1129 1704 1189 illum
1728 1128 1917 1189 locum
1939 1137 2077 1189 tem·

82 1231 323 1292 pusqne
354 1214 598 1275 consilio
634 1213 1004 1289 destinatum,
1040 1212 1174 1291 quid
1204 1213 1278 1272 de
1309 1212 1577 1273 Armenia
1612 1222 1947 1281 cernerent:
1983 1212 2078 1273 ad-

84 1300 312 1357 iecisse
340 1296 487 1383 deos
520 1296 750 1373 dignum
781 1296 1205 1371 Arsacidarum,
1238 1296 1402 1355 simul
1431 1304 1492 1356 ut
1513 1296 1586 1374 de
1610 1295 1938 1373 legionibus
1959 1297 2078 1357 Ro·

82 1382 277 1459 manis
321 1389 654 1444 statu-erent.
713 1380 871 1439 missi
914 1380 1159 1459 posthac
1200 1380 1380 1440 Paeto
1421 1380 1598 1438 nuntii
1641 1390 1698 1439 et
1736 1382 1898 1456 regis
1941 1398 2077 1440 con·
2103 1402 2129 1442 ⁵

85 1465 350 1543 loquium
383 1466 651 1543 petitum,
698 1465 793 1543 qui
824 1463 1090 1523 Vasacen
1130 1462 1488 1541 praefectum
1521 1464 1814 1541 equitatus
1842 1464 1927 1523 ire
1965 1466 2078 1524 ius-

86 1550 185 1608 sit.
250 1558 365 1608 tum
394 1547 607 1607 Paetus
636 1546 936 1624 Lucullos,
968 1547 1280 1624 Pompeios
1313 1555 1371 1605 et
1399 1548 1448 1605 si
1473 1564 1582 1624 qua
1615 1546 1898 1607 Caesares
1929 1548 2078 1627 opti·

80 1632 321 1693 nendae
372 1631 747 1693 donandaeve
790 1630 1099 1690 Armeniae
1139 1639 1410 1707 egerant,
1470 1632 1732 1691 Vasaces
1763 1632 2077 1708 ‘imaginem

40 1716 52 1727 ”
84 1716 377 1775 retinendi
410 1715 767 1792 largiendive
796 1732 979 1793 penes
1008 1731 1135 1789 nos,
1167 1716 1282 1773 vim
1308 1731 1490 1792 penes
1515 1713 1759 1774 Parthos
1779 1722 2076 1775 memorat.

82 1809 149 1859 et
176 1800 412 1859 multum
440 1801 497 1859 in
525 1800 712 1859 vicem
740 1798 1081 1877 disceptat0,
1116 1795 1472 1858 Monobazus
1487 1795 1818 1857 Adiabenus
1846 1799 1902 1857 in
1927 1798 2076 1857 diem
2094 1820 2150 1864 ,ιο
2267 1858 2274 1865 .
2323 1812 2326 1825 ’

84 1892 393 1961 posterum
435 1884 599 1943 testis
646 1885 717 1943 iis
760 1900 907 1961 quae
956 1883 1324 1960 pepigissent
1371 1878 1710 1951 adhibetur.
1749 1881 2078 1959 placuitque

86 1967 331 2028 liberari
378 1966 603 2029 obsidio
643 1967 910 2044 legiones
940 1974 1009 2030 et.
1031 1961 1321 2025 decedere
1344 1980 1574 2022 -omnem
1611 1962 1844 2022 militem
1875 1964 2080 2024 linibus

85 2049 497 2112 Armeniorum
546 2051 899 2127 castellaque
954 2057 1013 2108 et
1069 2055 1420 2107 commeatus
1457 2045 1680 2105 Parthis
1725 2046 1905 2124 tradi,
1960 2047 2080 2125 qui-

80 2135 203 2193 bus
252 2135 817 2212 perpetratis‘copia
856 2130 1143 2207 Vologesi
1189 2131 1358 2190 fieret
1399 2130 1652 2190 mittendi
1692 2128 1764 2189 ad
1790 2129 2080 2190 Neronem

84 2219 147 2276 le
200 2223 350 2275 atos.
568 2234 573 2239 ·
716 2255 730 2264 -

150 2233 196 2292 g
224 2297 321 2357 15.
372 2297 601 2359 Interim
632 2299 843 2358 flumini
871 2299 1151 2378 Arsaniae
1184 2297 1266 2375 (is
1297 2306 1485 2358 castra
1519 2297 1906 2374 praefluebat)
1941 2316 2078 2376 pon-

85 2393 211 2444 tem
240 2383 541 2461 imposuit,
588 2383 789 2462 specie
832 2382 943 2442 sibi
983 2381 1123 2441 illud
1163 2383 1274 2441 iter
1303 2380 1695 2460 expedientis,
1743 2381 1846 2444 sed
1888 2381 2083 2442 Parthi

88 2466 688 2547 quasi‚documentum
716 2465 1338 2534 victoriae'iusseraut;
1389 2471 1636 2542 namque
1671 2466 1743 2524 iis
1782 2467 1906 2524 usui
1954 2465 2078 2540 fuit,
2193 2491 2208 2504 κ

88 2551 425 2630 nostri··per
469 2550 757 2610 diversum
793 2553 936 2610 iere.
1004 2549 1217 2610 addidit
1247 2559 1454 2609 'rumor
1495 2547 1600 2608 sub
1641 2550 1835 2625 iugum
1875 2549 2078 2607 missas

89 2635 365 2712 legiones
408 2644 467 2695 et
506 2634 615 2694 alia
658 2653 734 2693 ex
775 2633 950 2694 rebus
990 2634 1278 2709 infaustis,
1327 2650 1566 2711 quorum
1607 2632 1970 2692 simulacrum
2007 2630 2078 2695 ab
2103 2645 2134 2686 a

94 2719 385 2778 Armeniis
412 2726 743 2796 usurpatum
772 2727 881 2778 est.
934 2735 1175 2795 namque
1208 2725 1266 2775 et
1287 2718 1630 2776 munimenta
1653 2717 1905 2792 ingressi
1931 2724 2081 2792 sunt,

90 2810 403 2879 antequam
434 2819 641 2879 agmen
670 2800 987 2862 Romanum
1018 2800 1352 2884 excederet,
1383 2809 1442 2859 et
1471 2801 1904 2860 circumstetere
1936 2798 2088 2873 vias,

96 2889 325 2964 captiva
376 2887 511 2946 olim
548 2887 835 2964 mancipia
874 2895 977 2961 aut
1010 2887 1258 2944 iumenta
1289 2883 1716 2960 adgnoscentes
1745 2881 2078 2942 abstrahen-

94 2977 323 3046 tesque.
384 2979 587 3049 raptae
616 2972 785 3030 etiam
812 2978 1043 3046 vestes,-
1086 2977 1309 3028 retenta
1339 2985 1527 3045 arma,
1571 2965 1780 3046 pavido
1811 2965 1991 3026 milite
2021 2973 2080 3024 et

100 3053 488 3130 concedente,
532 3073 605 3113 ne
645 3072 755 3132 qua
805 3053 1015 3132 proelii
1056 3070 1228 3114 causa
1268 3052 1564 3112 existeret.
1624 3050 1960 3126 Vologeses
1987 3063 2152 3108 ar·1o

96 3138 201 3194 mis
232 3145 291 3196 et
322 3137 668 3216 corporibus
699 3153 998 3198 caesorum
1034 3137 1360 3213 aggeratiS,
1404 3153 1516 3214 quo
1561 3134 1786 3195 cladem
1823 3141 2078 3192 nostram

95 3226 439 3299 testaretur,
482 3223 609 3282 visu
652 3221 989 3300 fugientium
1031 3220 1324 3296 legionum
1365 3217 1651 3278 abstinuit.
1709 3217 1858 3277 fama
1885 3213 2090 3276 mode·-

100 3304 337 3364 rationis
367 3305 768 3382 quaerebatur,
801 3313 1105 3383 postquam
1130 3301 1458 3383 superbiam
1481 3302 1844 3381 expleverat.
1873 3300 2082 3361 flumen
2199 3303 2204 3308 ’

102 3385 401 3448 Arsaniam
444 3389 757 3468 elephanto
802 3386 1091 3464 insidens,
1148 3386 1442 3466 proximus
1499 3388 1740 3465 quisque
1780 3402 1982 3461 regem
2025 3383 2083 3442 vi

96 3483 376 3547 equorum
405 3491 746 3551 perrupere,
784 3475 914 3551 quia
943 3489 1137 3532 rumor
1166 3473 1486 3548 incesserat
1519 3478 1766 3612 pffltess
1786 3483 2080 3529 cessurum
2099 3488 2158 3528 15

74 3563 81 3574 '
181 3573 353 3614 uem
394 3576 534 3616 uns
567 3577 604 3614 1.
1257 3593 1264 3600 -
1913 3565 1916 3567 ’
2101 3560 2122 3582 ²⁶
