2475 4000
368 189 497 252 208
870 196 1199 244 conamur
1228 174 1464 244 ‘'rAcrm
1499 197 1869 247 manum

322 382 349 420 5
370 352 521 433 quod
552 359 611 410 et
652 368 899 430 pugnam
928 369 1093 411 manu
1130 353 1406 430 capessiit
1445 363 1506 412 et
1548 370 1800 432 corpore
1843 353 2094 412 adverso
2125 352 2394 415 vulnera

369 435 618 515 excepit.
684 443 946 496 ceterum'
967 435 1040 496 ad
1070 435 1316 495 classem
1345 437 1402 494 in
1436 435 1700 496 Danuvio
1731 437 2136 516 opperientem
2169 438 2390 515 perfu-

367 522 481 598 git;
524 520 707 579 secuti
750 537 885 580 mox
918 519 1157 592 clientes
1203 530 1263 580 et
1295 521 1554 597 acceptis
1595 521 1752 598 agris
1780 519 2162 580 inPaunonia
2192 521 2394 581 locati

369 612 514 664 sunt.
572 621 813 680 regnum
835 605 1066 680 Vangio
1095 622 1167 663 ac
1193 603 1332 663 Sido
1362 606 1511 663 inter
1541 621 1608 664 se
1634 605 1961 683 partivere,
1997 605 2246 682 egregia
2277 605 2390 666 ad-

368 706 573 748 versus
615 703 725 748 nos
771 688 917 763 fide,
962 687 1272 765 subiectis,
1325 705 1508 748 suone
1548 705 1620 748 an
1662 688 1900 748 servitii·
1924 689 2197 766 ingenio,
2243 689 2392 750 dum

301 788 349 829 ιο
370 770 831 850 adipiscerentur
861 772 1296 848 dominationis,
1347 771 1520 832 multa
1553 773 1824 848 caritate,
1867 781 1926 832 et
1957 772 2178 832 maiore
2209 774 2392 851 odio,

370 865 673 936 postquam
704 855 897 934 adepti
930 865 1077 916 sunt.

497 941 599 1001 31.
641 939 721 1000 At
763 941 819 999 ἰιί
861 940 1149 1000 Britannia
1196 940 1260 1000 P.
1303 939 1591 999 Ostorium
1616 957 1740 1018 .pro
1790 948 2065 1018 praetore
2108 939 2392 1002 turbidae

367 1042 465 1084 res
497 1042 825 1102 excepere,
872 1024 1067 1083 effusis
1098 1025 1157 1083 in
1186 1042 1386 1101 agrum
1423 1026 1713 1084 sociorum
1745 1023 2010 1083 hostibus
2041 1041 2116 1083 eo
2149 1025 2390 1085 violen-

368 1110 513 1184 tius,
574 1108 729 1186 quod
768 1125 977 1167 novum
1020 1106 1222 1167 ducem
1263 1109 1521 1167 exercitu
1573 1109 1775 1187 ignoto
1823 1116 1882 1167 et
1925 1115 2138 1186 coepta
2181 1108 2390 1168 hieme

366 1195 573 1253 iturum
613 1191 850 1254 obviam
886 1209 999 1252 non
1045 1191 1336 1252 rebantur.
1413 1191 1514 1252 ille
1559 1208 1774 1268 gnarus
1817 1193 2016 1268 primis
2065 1192 2388 1260 eventibus

324 1293 349 1332 5
370 1285 579 1337 metum
604 1286 698 1337 aut
730 1277 991 1336 fiduciam
1019 1277 1212 1354 gigni,
1259 1278 1400 1336 citas
1433 1274 1708 1336 cohortes
1734 1276 1919 1352 rapit,
1957 1283 2018 1334 et
2046 1276 2232 1337 caesis
2273 1277 2386 1354 qui

368 1362 735 1436 restiterant,
780 1360 1057 1420 disiectos
1082 1368 1484 1434 consectatus,
1527 1377 1601 1418 ne
1643 1377 1840 1418 rursus
1872 1357 2386 1436 conglobarentur

366 1441 703 1518 infensaque
747 1451 804 1502 et
842 1442 1013 1502 infida
1058 1460 1175 1521 pax
1214 1461 1329 1502 non
1369 1442 1530 1518 duci,
1572 1461 1689 1503 non
1727 1442 1891 1502 militi
1934 1443 2194 1521 requiem
2235 1461 2384 1520 per-

370 1527 649 1600 mitteret,
706 1525 1009 1586 detrahere
1051 1543 1203 1586 arma
1265 1529 1552 1605 suspectis
1595 1534 1916 1604 cunctaque
1961 1527 2166 1586 castris
2211 1525 2386 1586 Avo·

370 1627 499 1669 nam
546 1607 706 1668 inter
751 1617 811 1668 et
851 1608 1146 1669 Sabrinam
1179 1609 1389 1670 fluvios
1433 1610 1708 1670 cohibere
1740 1619 1924 1689 parat.
2007 1609 2166 1686 quod
2205 1611 2384 1687 primi

303 1717 352 1758 ιο
370 1693 526 1753 Iceni
558 1691 843 1768 abnuere,
891 1692 1079 1752 valida
1108 1710 1256 1768 gens
1285 1710 1400 1752 nec
1427 1694 1669 1772 proeliis
1701 1695 1960 1770 contusi,
2014 1693 2146 1770 quia
2183 1695 2384 1754 socie·
2466 1729 2467 1766 p

368 1785 545 1836 tatem
590 1786 843 1836 nostram
878 1776 1145 1837 volentes
1182 1787 1575 1838 accesserant.
1633 1777 1838 1856 hisque
1879 1776 2217 1838 auctoribus
2266 1779 2382 1837 cir-
2466 1792 2467 1814 ¹

374 1861 688 1921 cumiectae
720 1863 985 1922 nationes
1015 1860 1203 1921 locum
1234 1879 1464 1940 pugnae
1493 1861 1807 1938 delegere,
1854 1871 2116 1940 saeptum
2147 1862 2383 1938 agresti
2466 1929 2467 1948 χ

372 1962 595 2025 aggere
638 1954 696 2006 et
734 1944 891 2007 aditu
928 1954 1206 2023 angusto,
1245 1963 1324 2005 ‘ne
1373 1947 1606 2023 pervius
1632 1946 1811 2025 equiti
1840 1945 2014 2006 foret.
2090 1963 2163 2005 ea
2192 1946 2384 2005 muni-

370 2040 561 2091 menta
602 2030 717 2091 dux
754 2032 1075 2107 Romanus,
1128 2047 1464 2108 quamquam
1505 2031 1632 2091 sine
1672 2029 1890 2090 robore
1930 2029 2234 2107 legionum
2281 2048 2382 2090 so·

304 2135 353 2176 15
376 2116 553 2175 ciales
596 2116 801 2192 copias
842 2115 1120 2191 ducebat,
1164 2132 1540 2193 perrumpere
1584 2114 1917 2191 adgreditur
1961 2122 2021 2173 et
2052 2113 2384 2174 distributis

372 2196 711 2258 'cohortibus
752 2207 963 2259 tunnas
1007 2216 1236 2278 quoque
1281 2197 1530 2276 peditum
1567 2198 1636 2259 ad
1667 2200 1852 2258 munia
1897 2198 2172 2274 accingit.
2239 2207 2382 2257 tunc

371 2282 505 2341 dato
548 2282 717 2357 signo
760 2282 1121 2361 perfringunt
1162 2300 1440 2359 aggerem
1479 2285 1714 2361 suisque
1759 2282 2026 2341 claustris
2058 2281 2376 2362 impeditos

372 2364 618 2425 turbant.
676 2374 849 2443 atque
874 2366 956 2426 illi
982 2368 1338 2425 conscientia
1359 2366 1698 2427 rebellionis
1725 2375 1785 2426 et
1807 2365 2112 2443 obsaeptis
2133 2364 2372 2441 effugiis

372 2448 543 2509 multa
584 2458 643 2508 et
686 2450 840 2511 clara
891 2450 1149 2509 facinora
1190 2449 1423 2527 fecere,
1485 2468 1598 2528 qua
1638 2468 1830 2529 pugna
1870 2449 2024 2509 filius
2070 2449 2246 2527 legati
2285 2446 2370 2507 Η.

267 2599 283 2613 ,
302 2556 357 2598 20
376 2534 637 2594 Ostorius
668 2534 879 2594 servati
908 2534 1049 2593 civis
1079 2533 1257 2592 decus
1289 2536 1624 2594 meruit..
2464 2600 2465 2615 χ

500 2617 601 2679 32.
646 2616 915 2677 Ceterum
958 2616 1120 2677 clade
1147 2616 1450 2677 Icenorum
1495 2618 1803 2696 compositi
1837 2618 1932 2696 qui
1952 2615 2187 2675 bellum
2214 2616 2374 2675 inter

374 2712 432 2763 et
466 2720 673 2781 pacem
703 2701 1060 2769 dubitabant,
1107 2709 1166 2759 et
1209 2698 1412 2761 ductus
1452 2704 1510 2761 in
1538 2702 1854 2799 Decangos
1898 2701 2208 2760 exercitus.
2265 2716 2370 2757 va-

258 2852 265 2859 ,
375 2787 506 2847 stati
538 2789 697 2862 agri,
744 2785 995 2865 praedae
1037 2785 1254 2863 passim
1278 2794 1476 2862 actae,
1527 2803 1643 2845 non
1672 2786 1824 2845 ausis
1863 2788 2050 2845 aciem
2078 2780 2372 2857 hostibus,

373 2871 471 2930 vel
516 2870 565 2929 si
607 2888 683 2929 ex
723 2869 957 2929 occulto
1004 2886 1246 2947 carpere
1285 2886 1491 2945 agmen
1533 2878 1914 2947 temptarent,
1958 2868 2158 2945 punito
2208 2865 2374 2926 dolo.

326 2974 355 3014 5
378 2956 603 3030 iamque
642 2962 874 3013 ventum
915 2952 1065 3012 haud
1094 2952 1320 3031 procul
1373 2956 1514 3014 mari
1560 2953 1716 3032 quod
1754 2952 2084 3013 Hiberniam
2125 2950 2376 3010 insulam

378 3046 671 3116 aspectat,
710 3055 837 3097 cum
868 3045 1031 3097 ortae
1063 3036 1212 3116 apud
1243 3036 1546 3114 Brigantas
1576 3037 1900 3099 discordiae
1930 3044 2240 3095 retraxere
2271 3033 2378 3093 du-

377 3138 535 3198 cem,
582 3120 974 3183 destinationis
1007 3130 1252 3198 certum,
1298 3138 1372 3180 ne
1417 3138 1566 3183 nova
1606 3122 1901 3183 moliretur
1934 3120 2044 3179 nisi
2073 3117 2380 3197 prioribus

376 3207 628 3268 firmatis.
694 3212 753 3265 et
788 3205 1093 3283 Brigantes
1134 3205 1398 3284 quidem,
1444 3208 1644 3284 paucis
1687 3209 1781 3285 qui
1828 3222 1981 3265 arma
2015 3202 2378 3281 coeptabant

376 3290 725 3366 interfectis,
766 3291 825 3349 in
865 3290 1121 3368 reliquos
1164 3289 1296 3351 data
1334 3291 1530 3366 venia,
1571 3291 1880 3350 resedere:
1927 3287 2176 3347 Silurum
2217 3304 2376 3363 gens

311 3388 358 3429 ιο
376 3391 489 3433 ιιοιι
519 3374 853 3451 atrocitate,
898 3392 1012 3435 non
1055 3374 1356 3435 clementia
1385 3373 1736 3451 mutabatur,
1777 3375 1912 3452 quin
1947 3370 2164 3431 bellum
2195 3388 2374 3430 exer-

379 3466 539 3517 ceret
568 3460 883 3540 castrisque
914 3452 1208 3536 legionum
1238 3456 1548 3539 premenda
1577 3458 1752 3519 foret.
1810 3457 1867 3518 id
1895 3474 2010 3535 quo
2041 3455 2374 3535 promptius
