2475 4000
291 234 412 297 120
779 236 1110 287 cosmum
1151 232 1388 283 nom
1428 234 1798 283 Auxanum

223 402 438 473 iunius,
471 396 566 475 qui
595 393 852 455 Africam
881 391 1277 467 obtinuerant,
1318 392 1602 450 insontem
1644 392 2077 468 protexissent,
2124 389 2291 451 olari·

290 483 483 543 tudine
518 477 752 538 infausti
781 476 1018 554 generis
1048 485 1107 553 et
1133 474 1393 553 paternis
1421 474 1686 534 adversis
1716 466 1870 533 foret
1898 473 2254 534 abstractus.

417 564 512 624 14.
568 561 626 621 Is
679 578 911 641 quoque
958 577 1140 620 annus
1193 559 1520 635 legationes
1572 557 1922 618 Graecarum
1978 558 2297 617 civitatium

291 647 538 723 habuit,‘
568 636 774 705 Samiis
818 643 1080 720 Iunonis,
1137 641 1277 704 Cois
1310 642 1647 719 Aesculapii
1706 640 1948 701 delubro
1997 650 2301 701 vetustum

293 732 438 807 asyli
467 732 555 791 ius
583 739 643 789 ut
673 730 992 789 firmaretur
1021 726 1368 805 petentibus.
1435 726 1608 786 Samii
1638 724 1877 786 decreto
1907 725 2299 803 Amphictyo·

291 834 423 877 num
463 813 819 888 nitebantur,
880 813 1007 889 quis
1046 812 1417 889 praecipuum
1462 810 1587 869 fuit·
1609 828 1801 870 rerum
1842 811 2097 869 omnium
2153 809 2303 868 iudi-

250 921 274 960 s
299 902 475 976 cium,
523 916 632 977 qua
663 904 1009 974 tempestate
1039 893 1245 955 Graeci
1276 894 1522 954 conditis
1555 912 1661 973 per
1684 893 1881 953 Asiam
1913 892 2158 952 urbibus
2196 910 2303 952 ora

291 986 465 1062 maris
511 980 898 1061 potiebantur.
973 996 1162 1057 neque
1211 978 1408 1055 dispar
1449 978 1600 1056 apud
1644 976 1801 1038 Coos
1844 978 2200 1055 antiquitas,
2246 986 2303 1036 et

292 1066 614 1128 accedebat
642 1058 1006 1123 meritum-ex
1033 1064 1198 1123 loco:
1241 1080 1369 1121 nam
1400 1064 1561 1122 cives
1588 1062 1881 1122 Romanos
1926 1060 2155 1139 templo
2183 1061 2299 1120 Ae-

294 1152 538 1229 sculapii
570 1148 927 1223 induxerant,
966 1166 1090 1207 cum
1119 1148 1278 1205 iussu
1312 1148 1475 1222 regis
1497 1144 1836 1206 Mithridatis
1870 1144 2021 1222 apud
2057 1154 2303 1206 cunctas

293 1236 470 1295 Asiae
513 1232 729 1293 insulas
771 1240 829 1289 et
876 1231 1052 1291 urbes
1095 1230 1534 1290 trucidarentur.
1592 1231 1769 1289 variis
1812 1228 2022 1288 dehinc
2066 1238 2129 1289 et
2171 1246 2301 1289 sae-

229 1335 277 1373 10
299 1322 427 1399 pius
458 1319 640 1376 inritis
669 1324 998 1394 praetorum
1031 1314 1331 1392 questibus
1350 1357 1367 1390 ,
1409 1322 1706 1393 postremo
1737 1311 1956 1373 Caesar
2000 1312 2077 1373 de
2120 1314 2294 1371 inmo-

295 1402 478 1461 destia
508 1399 846 1457 histrionum
875 1398 1122 1458 rettulit:
1153 1398 1343 1457 ¹multa
1374 1395 1445 1457 ab
1476 1400 1546 1457 iis
1576 1400 1633 1457 in
1665 1396 1955 1475 publicum
1990 1396 2295 1470 seditiose,

294 1481 466 1544 foeda
510 1498 617 1559 per
672 1480 878 1540 domos
927 1483 1218 1559 temptari;
1268 1480 1479 1540 Oscum
1524 1480 1807 1560 quondam
1849 1479 2166 1556 ludicrum,
2214 1480 2298 1538 le·

296 1567 564 1625 vissimae
595 1563 746 1641 apud
775 1564 1010 1639 vulgum
1039 1564 1478 1642 oblectationiS,
1512 1583 1585 1625 eo
1621 1565 1968 1641 flagitiorum
2003 1572 2066 1623 et
2092 1565 2301 1623 virium

293 1650 559 1723 venisse,
606 1654 676 1707 ut
712 1648 1054 1723 auctoritate
1099 1657 1323 1727 patrum
1366 1648 1753 1709 coercendum
1801 1648 1893 1706 sit.
1972 1648 2131 1725 pulsi
2183 1657 2303 1707 tum

159 1745 168 1751 ·
229 1749 274 1788 15
297 1732 607 1792 histriones
640 1729 822 1790 Italia.

417 1814 536 1893 15„
562 1804 722 1874 Idem
756 1831 932 1873 annus
963 1814 1078 1872 alio
1120 1830 1353 1891 quoque
1394 1813 1554 1873 luctu
1584 1813 1900 1873 Gaesarem
1932 1813 2185 1889 adfecit,
2222 1815 2303 1872 al·

226 1943 236 1957 .
293 1908 476 1957 terum
523 1916 597 1957 ex
644 1898 888 1974 geminis
930 1896 1100 1957 Drusi
1151 1896 1353 1956 liberis
1410 1896 1831 1973 extinguendo,
1884 1915 2077 1972 neque
2118 1898 2305 1953 minus

293 1990 476 2043 morte
522 1982 708 2041 amici.
786 1982 836 2040 is
879 1980 984 2039 fuit
1011 1977 1261 2040 Lucilius
1294 1978 1563 2055 Longus,
1618 1982 1866 2038 omnium
1918 1977 2002 2037 illi
2054 1979 2301 2038 tristium

293 2067 692 2141 laetorumque
734 2065 930 2122 socius
964 2081 1224 2139 unusque
1270 2081 1303 2118 e
1357 2063 1720 2122 senatoribus
1760 2061 1977 2122 Rhodii
2021 2079 2305 2121 secessus

246 2166 272 2204 5
296 2166 511 2209 comes.
585 2149 662 2205 ita
703 2162 1040 2223 quamquam
1083 2161 1238 2204 novo
1282 2143 1495 2202 homini
1539 2147 1867 2204 censorium
1909 2144 2115 2223 funus,
2176 2145 2300 2204 effi·

295 2233 452 2308 giem
479 2229 629 2307 apud
659 2229 845 2288 forum
879 2227 1126 2304 Augusti
1160 2227 1393 2306 publica
1424 2229 1673 2304 pecunia
1708 2237 1904 2306 patres
1946 2225 2299 2302 decrevere,

295 2311 446 2392 apud
490 2329 636 2390 quos
676 2313 846 2372 etiam
886 2321 1001 2370 tum
1037 2320 1243 2370 cuncta
1284 2309 1702 2387 tractabantur,
1740 2309 1888 2370 adeo
1930 2319 1992 2369 ut
2021 2328 2297 2387 procura-

293 2408 388 2457 tor
424 2395 608 2470 Asiae
647 2394 896 2455 Lucilius
931 2392 1138 2471 Capito
1173 2401 1483 2452 accusante
1522 2395 1822 2471 provincia
1865 2410 2101 2454 causam
2140 2393 2290 2452 dixe-

293 2482 398 2556 rit,
445 2497 652 2557 magna
696 2498 822 2539 cum
861 2473 1301 2538 adseveratione
1350 2478 1658 2556 principis,
1702 2495 1813 2538 non
1858 2495 1923 2536 se
1961 2478 2051 2536 ius
2094 2478 2199 2536 nisi
2234 2478 2298 2534 in

227 2577 278 2617 1⁰
297 2565 530 2624 servitia
561 2573 619 2622 et
649 2563 925 2643 pecunias
950 2560 1264 2619 familiares
1294 2560 1555 2620 dedisse:
1592 2561 1747 2639 quod
1776 2562 1825 2620 si
1853 2564 1971 2620 vim
2002 2561 2305 2638 praetoris

295 2655 634 2726 usurpasset
666 2645 1042 2722 manibusque
1071 2643 1309 2704 militum
1338 2663 1476 2703 usus
1505 2645 1677 2722 foret,
1712 2654 1911 2722 spreta
1940 2645 2011 2703 in‘
2036 2663 2113 2705 eo
2142 2663 2303 2704 man-

295 2731 424 2792 data
457 2750 588 2792 sua:
623 2730 882 2790 audirent
911 2729 1126 2787 socios.
1182 2729 1261 2788 ita
1284 2746 1420 2787 reus
1447 2730 1684 2807 cognito
1708 2729 1951 2804 negotIo
1976 2728 2307 2788 damnatur.

296 2813 370 2875 61»
417 2833 584 2894 quam
624 2814 929 2888 ultionem,
977 2818 1034 2870 et
1078 2812 1208 2890 quia
1252 2812 1451 2890 priore
1491 2829 1641 2873 anno
1682 2813 1743 2870 in
1776 2810 1843 2871 O.
1882 2811 2141 2874 Silanum
2174 2814 2307 2871 vin-

296 2898 540 2959 dicatum
576 2906 732 2974 erat,
783 2896 1102 2956 decrevere
1135 2896 1314 2957 Asiae
1358 2895 1533 2955 urbes
1575 2895 1851 2974 templum
1894 2894 2135 2956 Tiberio
2178 2913 2309 2956 ma-

227 2999 275 3038 15
298 2984 486 3060 trique
526 2984 649 3042 eius
684 2997 752 3040 ac
789 2979 1026 3040 senatui.
1094 2989 1154 3039 et
1188 2980 1527 3058 permissum
1558 2988 1839 3048 statuere;
1874 2981 2115 3058 egitque
2136 2978 2313 3039 Nero

294 3075 493 3143 grates
527 3084 596 3126 ea
627 3081 799 3124 causa
832 3062 1085 3141 patribus
1126 3073 1301 3142 atque
1346 3081 1487 3141 avo,
1534 3063 1719 3124 laetas
1759 3064 1907 3122 inter
1948 3063 2311 3124 audientium

293 3149 689 3223 adfectiones,
743 3149 837 3225 qui
892 3148 1113 3208 recenti
1165 3150 1439 3207 memoria
1488 3145 1812 3207 Germanici
1864 3145 2306 3226 illum‘aspici,

292 3233 450 3293 illum
491 3232 673 3294 audiri
718 3231 1008 3306 rebantur.
1072 3231 1427 3310 aderantque
1464 3232 1656 3290 iuveni
1685 3230 1965 3290 modestia
1996 3249 2069 3291 ac
2112 3231 2308 3291 forma

295 3315 568 3396 principe*
590 3318 716 3375 viro
746 3315 952 3392 digna,
998 3316 1146 3376 notis
1178 3317 1234 3375 in
1268 3333 1396 3374 eum
1434 3315 1624 3375 Seiani
1667 3314 1815 3374 odiis
1858 3313 1933 3374 ob
1974 3315 2308 3393 periculum

225 3410 276 3450 ²⁰
295 3401 570 3473 gratiora.
1401 3463 1407 3468 ,
2012 3429 2019 3435 -
2052 3415 2057 3418 ·

418 3481 514 3540 16.
579 3479 696 3541 Sub
738 3483 888 3542 idem
935 3491 1162 3560 tempus
1210 3481 1283 3541 de
1324 3482 1551 3580 flamine
1592 3481 1745 3541 Diali
1790 3481 2081 3542 in,locum
2124 3481 2309 3540 Servi
