2475 4000
330 201 453 270 200
512 181 516 186 ⁸
832 210 1163 290 sennenn
1191 211 1426 260 '1¹Acrr1
1447 211 1810 259 munuum
1917 233 1928 244 x

454 373 511 431 7.
558 368 723 430 Haud
746 368 990 428 defuere
1028 367 1124 446 qui
1155 367 1448 442 certatim,
1488 365 1540 424 si
1581 371 1946 423 cunctaretur
1976 361 2236 440 Caesar,
2281 367 2350 425 vi

330 465 561 516 acturos
590 453 971 513 testificantes
1003 459 1370 530 erumperent
1399 451 1576 511 curia.
1623 446 2005 525 conglobatur
2030 450 2350 528 promisca

328 538 624 608 multitudo
670 529 1061 616 populumque
1089 537 1406 604 Romanum
1439 533 1640 594 eadem
1670 549 1840 592 orare
1881 531 2154 593 clamitat.
2218 551 2352 593 nec

332 622 599 684 Claudius
628 622 779 681 ultra
814 628 1154 700 exspectato
1188 618 1393 678 obvius
1425 618 1576 696 apud
1601 617 1790 677 forum
1817 615 2066 694 praebet
2093 637 2163 676 se
2195 635 2348 694 gra.-

282 737 308 774 ε,
332 705 600 783 tantibus,
628 715 997 782 senatumque
1027 706 1326 780 ingressus
1355 703 1650 762 decretum
1680 701 1956 778 postulat,
1986 717 2103 778 quo
2137 703 2348 761 iustae

328 795 478 851 inter
512 799 749 870 patruos
779 789 1127 867 fratrumque
1156 785 1302 847 filias
1331 787 1564 864 nuptiae
1597 787 1766 844 etiam
1793 785 1850 844 in
1878 784 2185 862 posterum
2211 795 2340 846 sta-

326 884 639 936 tuerentur.
704 887 817 932 nec
848 883 1032 932 tamen
1061 867 1334 949 repertus
1363 880 1456 930 est
1482 871 1589 929 nisi
1622 886 1766 930 unus
1805 868 1938 928 talis
1975 870 2346 950 matrImonii

330 950 588 1038 cupitor,
632 956 898 1017 Alledius
940 958 1195 1016 Severus
1238 973 1420 1032 eques
1463 955 1788 1029 Romanus,
1831 971 2006 1031 quem
2047 951 2344 1032 plerique

327 1044 687 1121 Agrippinae
728 1042 909 1117 gratia
954 1040 1235 1119 inpulsum
1275 1038 1560 1098 ferebant.
1626 1054 1798 1096 versa
1854 1055 1933 1096 ex
1984 1055 2056 1098 eo
2117 1039 2346 1107 civitas

258 1148 309 1189 ιο
328 1138 388 1188 et
421 1134 623 1198 cuncta
656 1125 903 1185 feminae
933 1123 1342 1200 oboediebant,
1375 1140 1492 1182 non
1525 1138 1632 1200 per
1663 1120 1980 1198 lasciviam,
2010 1130 2072 1200 ut
2097 1121 2342 1182 Messa-

324 1213 459 1289 lina,
486 1209 660 1269 rebus
688 1208 965 1280 Romanis
991 1207 1288 1268 inludenti.
1347 1206 1647 1266 adductum
1689 1215 1748 1264 et
1789 1207 1954 1283 quasi
1993 1206 2159 1266 virile
2193 1223 2334 1265 ser·

324 1298 547 1354 vitium:
591 1293 781 1371 palam
824 1294 1107 1352 severitas
1144 1311 1217 1352 ac
1259 1292 1490 1370 saepius
1531 1288 1829 1368 superbia:
1875 1290 2018 1350 nihil
2044 1290 2200 1349 doni
2233 1292 2335 1348 in·-

327 1379 623 1457 pudicum,
669 1379 778 1435 nisi
821 1376 1189 1436 dominationi
1240 1374 1562 1452 expediret.
1636 1372 1848 1454 cupido
1867 1376 2012 1434 -auri
2042 1375 2330 1434 immensa

327 1460 620 1520 obtentum
652 1458 918 1535 habebat,
947 1462 1109 1537 quasi
1142 1458 1454 1518 subsidium
1479 1475 1667 1534 regno
1697 1467 2016 1536 pararetur.

443 1544 501 1604 8.
546 1542 655 1602 Die
684 1545 1007 1620 nuptiarum
1036 1543 1264 1602 Silanus
1294 1552 1534 1603 mortem
1565 1541 1674 1601 sibi
1707 1543 2025 1623 conscivit,
2072 1545 2206 1602 sive
2251 1561 2334 1604 eo

325 1643 507 1705 usque
538 1633 703 1705 spem
730 1628 884 1685 vitae
914 1626 1301 1705 produxerat,
1351 1645 1456 1686 seu
1495 1626 1724 1686 delecto
1762 1627 1857 1685 die
1877 1627 2226 1704 'augendam
2253 1627 2334 1687 ad

326 1711 612 1770 invidiam.
673 1708 913 1770 Calvina
944 1727 1115 1770 soror
1144 1711 1268 1768 eius
1297 1709 1462 1770 Italia
1505 1710 1670 1789 pulsa
1711 1719 1820 1769 est.
1887 1711 2102 1771 addidit
2147 1709 2330 1772 Glan-

326 1795 453 1855 dius
507 1811 674 1854 sacra
726 1813 799 1854 ex
849 1793 1081 1871 legibus
1126 1791 1277 1854 Tulli
1327 1797 1488 1870 regis
1527 1794 1874 1872 piaculaque
1925 1795 2075 1875 apud
2128 1795 2331 1855 lucum

276 1901 303 1942 5
324 1878 542 1938 Dianae
592 1869 699 1957 per
751 1879 1055 1958 pontifices
1120 1875 1334 1962 danda,
1405 1877 1782 1937 inridentibus
1841 1881 2094 1957 cunctis,
2167 1881 2334 1958 quod

326 1979 554 2043 poenae
598 1965 1153 2042 procurationesque
1192 1962 1398 2039 incesti
1438 1961 1498 2022 id
1541 1963 1817 2043 temporis
1859 1967 2332 2042 exquirerentur.

325 2058 384 2108 at
410 2048 761 2125 Agrippina,
786 2063 859 2107 ne
889 2047 1053 2107 malis
1078 2056 1290 2110 tantum
1321 2046 1676 2106 facinoribus
1704 2056 2061 2126 notesceret,
2092 2049 2331 2107 veniam

326 2132 483 2192 exilii
516 2148 625 2209 pro
656 2131 901 2190 Annaeo
934 2132 1184 2207 Seneca,
1214 2130 1380 2190 simul
1409 2140 1736 2208 praeturam
1767 2133 2068 2211 impetrat,
2110 2131 2332 2191 laetum

292 2217 383 2273 ‘in
410 2213 703 2292 publicum
728 2222 850 2273 rata
884 2212 959 2273 ob
1001 2213 1394 2274 claritudinem
1437 2214 1750 2274 studiorum
1792 2218 1947 2292 eius,
1987 2227 2168 2295 utque
2205 2214 2330 2275 Do-

258 2323 308 2363 ¹⁰
326 2298 466 2358 mitii
508 2298 754 2373 pueritia
796 2296 897 2355 tali
936 2299 1210 2373 magistro
1253 2298 1624 2359 adolesceret
1661 2308 1722 2358 et
1761 2300 2018 2359 consiliis
2063 2298 2324 2359 eiusdem

326 2380 399 2441 ad
426 2396 589 2458 spem
619 2379 1020 2440 dominationis
1051 2389 1378 2458 uterentur,
1425 2382 1558 2460 quia
1587 2382 1814 2446 Seneca
1843 2383 1990 2443 fidus
2015 2385 2074 2442 in
2101 2382 2322 2460 Agrip·

281 2491 292 2502 κ
326 2458 513 2545 pinam
554 2466 826 2525 memoria
864 2462 1133 2523 beneficii
1180 2474 1237 2524 et
1269 2466 1528 2525 infensus
1557 2464 1800 2527 Claudio
1831 2466 2038 2527 dolore
2077 2466 2320 2525 iniuriae

280 2586 283 2591 -
325 2548 685 2609 credebatur.

442 2635 503 2695 9.
548 2631 827 2692 Placitum
842 2675 847 2679 .
861 2628 1072 2689 dehinc
1114 2648 1231 2691 non
1267 2632 1416 2695 ultra
1469 2635 1722 2695 cunctari
1739 2679 1756 2711 ,
1809 2634 1916 2695 sed
1959 2635 2326 2711 designatum

328 2714 625 2775 consulem
653 2714 974 2776 Memmium
1002 2712 1326 2774 Pollionem
1356 2717 1686 2793 ingentibus
1715 2721 2018 2797 promissis
2049 2718 2330 2779 inducunt
2390 2718 2404 2729 '

325 2798 659 2859 seutentiam
710 2814 1089 2877 expromere,
1144 2816 1256 2877 qua
1311 2810 1574 2861 oraretur
1626 2800 1894 2863 Claudius
1949 2802 2330 2881 despondere

325 2882 622 2943 Octaviam
658 2882 942 2968 Domitio;
1000 2881 1154 2959 quod
1197 2886 1372 2943 aetati
1416 2887 1712 2965 utriusque
1755 2904 1869 2947 non
1900 2886 2226 2946 *absurdum
2267 2895 2332 2945 et

278 2990 305 3029 τ»
325 2969 542 3026 maiora
581 2964 1001 3043 patefacturum
1044 2975 1187 3026 erat.
1244 2967 1432 3028 Pollio
1465 2968 1615 3029 haud
1657 2969 1982 3049 disparibus
2010 2968 2230 3031 verbis*
2253 2988 2332 3029 nc

324 3066 509 3131 nuper
545 3047 815 3109 Vitellius
860 3057 1099 3119 censet;
1158 3051 1668 3131 despondeturque
1713 3053 1984 3131 Octavia,
2031 3072 2109 3129 ac
2145 3071 2332 3132 super

324 3136 585 3212 priorem
638 3131 1124 3195 necessitudinem
1194 3151 1448 3215 sponsus
1507 3138 1618 3196 iam
1681 3147 1740 3197 et
1793 3156 1980 3215 gener
2038 3132 2331 3197 Domitius

216 3249 222 3255 ·
324 3220 558 3296 aequari
601 3215 929 3277 Britannico
974 3219 1175 3280 studiis
1206 3222 1400 3279 matris
1417 3266 1436 3297 ,
1478 3230 1604 3280 arte
1635 3239 1834 3281 eorum
1867 3223 1994 3300 quis
2031 3221 2112 3281 ob
2151 3240 2328 3281 acen-

328 3298 897 3361 satamMessalinam
924 3299 1065 3363 ultio
1102 3316 1179 3363 ex
1208 3304 1330 3364 filio
1363 3304 1685 3365 timebatur.
1925 3306 1930 3311 ’

456 3388 555 3448 10.
593 3384 706 3444 Per
728 3384 877 3443 idem
898 3393 1125 3465 tempus
1148 3387 1332 3465 legati
1347 3378 1692 3474 'Parthorum
1719 3390 1790 3449 ad
1813 3388 2223 3471 expetendum,
2261 3396 2332 3455 ‚ut

326 3467 557 3544 rettuli,
593 3466 966 3528 Meherdaten
1016 3472 1176 3530 missi
1228 3482 1483 3531 senatum
1514 3474 1908 3550 ingrediuntur
1940 3472 2330 3551 mandataque
