2475 4000
279 848 828 928 Gum'Taciti'libros
859 871 1055 926 iterum
1086 887 1651 942 recognosceremus,
1685 890 1793 929 non
1830 879 2061 944 tantum,
2097 883 2156 931 ut

125 986 228 1041 par
261 972 417 1034 erat,
465 965 725 1034 egregias
754 965 1053 1038 Nipperdei
1099 974 1154 1022 et
1196 969 1397 1025 Haasei
1439 987 1601 1034 ‚curas
1634 973 2007 1040 adhibuimuS,
2056 975 2154 1028 sed

127 1065 297 1120 etiam
345 1069 588 1118 veterum
638 1062 954 1118 criticorum
997 1067 1419 1121 commentarios
1466 1067 1764 1137 diligenter
1793 1067 2153 1138 perlustravi-

125 1179 242 1216 mus
262 1202 279 1229 ,
321 1159 410 1230 qui
446 1155 604 1229 quam
625 1160 833 1228 cogniti
859 1161 969 1214 sint
991 1178 1098 1216 uno
1123 1163 1326 1218 illustri
1349 1166 1600 1236 exemplo
1626 1165 1921 1220 ostendere
1947 1181 2152 1237 operae

123 1257 366 1329 pretium
394 1256 633 1311 videtur.
692 1255 753 1308 In
795 1255 940 1310 libro
979 1258 1119 1311 enim
1153 1261 1424 1315 annalium
1453 1261 1584 1331 XII,
1616 1271 1677 1320 11
1710 1263 2001 1318 lectionem
2046 1263 2152 1319 fal-

123 1358 247 1410 sam'
281 1359 429 1408 tanto
460 1353 776 1406 toleratiora
809 1368 881 1406 ex
909 1369 1040 1408 vera
1070 1360 1215 1410 tanto
1246 1359 1471 1414 laetaebra
1502 1361 1850 1431 depravatam
1884 1379 2009 1417 esse
2050 1379 2148 1417 nu-

121 1468 228 1522 per
255 1451 440 1505 Haase
483 1451 540 1502 in
583 1449 758 1519 praef.
804 1448 914 1504 vol.
952 1451 993 1504 1.
1033 1469 1086 1523 p.
1134 1455 1271 1512 LXX
1310 1465 1463 1513 recte
1506 1460 1739 1517 monum
1790 1466 1843 1514 at
1880 1461 2007 1530 quid
2041 1462 2149 1517 iam

122 1547 420 1602 Acidalius
463 1545 689 1602 criticus
735 1544 832 1602 ille
877 1548 931 1603 in
963 1550 1153 1620 paucis
1193 1553 1516 1624 ingeniosus
1548 1549 1813 1626 scripsit?
1873 1556 2147 1612 ‘Muretus

123 1647 309 1701 voluit
338 1651 483 1700 tanto
511 1648 798 1714 memora,
843 1649 988 1718 quod
1033 1650 1196 1720 plane
1239 1669 1349 1706 non
1394 1652 1665 1707 convenit.
1731 1651 1843 1715 Nec
1890 1669 1995 1722 ego
2028 1655 2147 1709 scio

121 1745 258 1815 quid
283 1745 494 1802 faciam.
548 1743 808 1801 Hariolor
832 1752 1066 1816 tantum,
1089 1753 1236 1802 tanto
1257 1751 1508 1820 laetiora,
1533 1750 1681 1804 bono
1708 1750 1924 1819 quidem
1948 1767 2141 1806 sensu:

120 1851 324 1914 quanto
369 1846 630 1900 inusitata
661 1846 836 1915 magis
869 1863 933 1901 ac
968 1862 1110 1900 nova
1135 1845 1421 1914 harbariS,
1457 1851 1607 1925 tanto
1639 1846 1884 1914 gratiora
1914 1846 2141 1902 futura?

116 1943 318 2002 Postea
355 1925 718 2016 cognovimus
765 1945 820 1999 iu
863 1933 1092 2001 eandem
1133 1921 1601 2011 emendationem,
1651 1957 1790 2012 quae
1833 1943 1993 1998 nobis
2018 1944 2145 2014 'qui-

111 2041 242 2096 dem
274 2043 586 2098 certissima
621 2043 870 2113 videtur,
917 2043 1024 2097 iam
1055 2042 1311 2097 Ursinum
1360 2040 1657 2108 incidisse,
1700 2056 1765 2094 ac
1808 2046 1985 2095 tamen
2024 2042 2145 2097 eius

109 2137 270 2192 nulla
306 2139 510 2203 mentio
541 2140 598 2192 in
641 2140 1046 2195 commentariis
1093 2139 1495 2206 recentiorum,
1539 2154 1857 2209 quamquam
1891 2135 2143 2193 Walthe-

113 2251 217 2289 rus
269 2233 490 2304 quidem
537 2251 673 2304 quae
716 2245 935 2293 veteres
981 2237 1162 2293 critici
1207 2237 1411 2291 hahent
1461 2236 1611 2290 bona.
1664 2236 1801 2292 satis
1845 2236 2141 2307 diligenter

115 2331 376 2401 collegit.
443 2328 706 2386 Videmur
737 2342 912 2390 autem
946 2336 1108 2391 nobis
1138 2352 1247 2392 non
1276 2335 1395 2389 sine
1442 2334 1626 2404 aliquo
1660 2334 1839 2388 fructu
1878 2336 1982 2390 hos
2017 2334 2142 2389 fon-

116 2437 206 2485 tes
249 2428 490 2483 nondum
528 2430 822 2487 exhaustos
867 2434 1082 2497 adisse;
1128 2432 1407 2489 invenient
1457 2432 1598 2486 enim
1648 2431 1893 2485 homines
1934 2431 2141 2485 literati

119 2530 338 2599 aliquot
379 2528 556 2583 bonas
598 2530 1006 2587 emendationes
1050 2550 1080 2587 a
1114 2532 1273 2587 nohis
1315 2531 1544 2601 primum
1585 2529 1641 2582 in
1673 2530 1963 2583 verborum
2007 2544 2141 2591 con-

117 2634 329 2682 textum
361 2632 652 2697 receptaS,
687 2642 826 2696 quae
857 2629 1074 2683 nimium
1113 2630 1202 2683 diu
1235 2629 1526 2698 neglectae
1557 2626 1860 2681 iacuerant.
1922 2626 1983 2679 In
2016 2626 2140 2681 aliis

116 2726 264 2781 locis
309 2725 489 2780 critici
538 2731 762 2780 nostrae
803 2726 1003 2780 aetatis
1061 2727 1186 2795 quid
1228 2726 1447 2781 Tacitus
1491 2724 1815 2796 scripsisset
1864 2725 2004 2779 bene
2056 2724 2138 2778 illi

119 2824 343 2894 quidem
379 2822 724 2891 divinarunt,
762 2809 863 2878 sed
895 2823 1012 2877 laus
1041 2822 1246 2877 inventi
1278 2822 1443 2878 alicui
1473 2822 1749 2893 superiori
1781 2822 1837 2876 in
1866 2838 2139 2891 commen-

115 2920 266 2976 tario
298 2920 723 2976 nostro'critico
767 2918 1095 2975 vindicanda
1131 2926 1265 2974 erat.
1330 2919 1390 2973 In
1421 2922 1564 2973 hunc
1592 2926 1770 2975 autem
1802 2936 1989 2974 omnes
2022 2919 2139 2972 lec-

115 3020 302 3074 tiones
347 3018 629 3088 codicum,
674 3036 813 3090 quae
855 3018 924 3073 oh
968 3015 1201 3086 aliquam
1234 3032 1449 3094 causam
1482 3017 1705 3087 cognitu
1752 3016 1951 3086 dignae
1981 3014 2137 3070 vide-

115 3116 346 3183 bantur,
376 3115 682 3171 rettulimus
715 3132 818 3170 nec
847 3113 1011 3169 ullam
1035 3110 1197 3177 nohis
1222 3111 1663 3181 praetermisisse
1686 3114 1966 3181 videmur,
1998 3128 2137 3182 quae

117 3214 358 3292 aliquem
401 3230 554 3268 usum
597 3215 664 3269 ad
705 3214 874 3269 verba
915 3211 1208 3283 scriptoris
1241 3209 1575 3265 emendanda
1618 3212 1890 3281 praebere
1924 3216 2131 3282 posset.

116 3310 410 3365 Praeterea
442 3326 550 3365 non
582 3317 783 3365 tantum
816 3310 1252 3385 emendationum
1284 3308 1539 3362 auctores
1570 3308 1685 3361 suis
1717 3306 2021 3379 quibusque
2053 3308 2135 3362 lo-

117 3408 198 3462 cis
242 3407 634 3475 indicavimus,
677 3408 777 3462 sed
813 3408 973 3463 etiam
1007 3408 1281 3463 delectum
1320 3395 1795 3473 coniecturarum,
1844 3420 1981 3475 quae
2029 3420 2135 3458 nou

1648 3486 1731 3543 a*
