2475 4000
269 178 387 242 148
776 190 1105 238 conuumr
1127 189 1359 244 'raom
1381 155 1748 270 annianum

216 367 243 405 5
266 344 665 425 quaerebatur.
740 339 817 404 ita
854 361 1191 422 quamquam
1240 342 1486 402 diversis
1542 361 1718 421 super
1767 340 1940 401 rebus
1984 341 2250 400 consule·

214 487 219 492 .
263 438 490 503 rentur,
535 445 689 488 aram
734 428 1101 504 clementiae,
1149 445 1304 496 aram
1333 427 1614 487 amicitiae
1659 427 2001 502 effigiesque
2024 428 2254 484 *circum
2293 457 2302 466 ·

266 512 531 574 Caesaris
574 529 645 594 ac
687 511 879 572 Seiani
910 527 1219 587 censuere,
1266 499 1602 587 crebrisque
1648 509 1922 588 precibus
1971 509 2251 584 efflagita·

262 597 398 656 bant
437 596 660 655 visendi
706 596 796 654 sui
840 597 1071 674 copiam
1104 593 1383 653 facerent.
1451 610 1566 652 non
1608 593 1693 653 illi
1733 603 1920 652 tamen
1961 595 2018 652 in
2051 592 2256 650 urbem

263 689 358 742 aut
397 680 722 758 propinqua
763 677 889 738 urbi
933 677 1197 754 degressi
1245 686 1402 736 sunt:
1453 676 1593 736 s'atis
1625 680 1805 737 visum
1853 678 2134 735 omittere
2169 677 2253 735 in-

195 778 242 818 10
264 763 443 823 sulam
486 772 542 821 et
578 764 636 822 in
681 763 946 841 proximo
996 761 1342 838 Campaniae
1387 762 1588 839 aspici.
1656 779 1730 820 eo
1773 761 1973 820 venire
2031 768 2253 838 patres,

216 891 219 894 -
263 865 479 925 equeS,
509 863 716 922 mag-na
750 864 884 924 pars
917 845 1138 923 plebis,
1171 845 1324 904 anxii
1355 862 1499 921 erga
1530 846 1826 921 Seianum,
1862 843 2021 904 cuius
2055 843 2254 904 durior

263 948 647 1008 congressus,
695 923 867 1008 atqu'e
900 947 971 987 eo
1003 947 1118 1007 per·
1154 927 1420 988 ambitum
1453 938 1510 986 et
1552 930 1831 987 societate
1878 929 2256 1002 consiliorum

177 1031 186 1039 ⁸
262 1013 585 1092 parabatur.
664 1015 804 1073 satis
850 1011 1151 1076 constabat
1194 1021 1416 1072 auctam
1467 1013 1521 1070 ei
1570 1012 1962 1107 adrogantiam
2019 1013 2258 1072 foedum

260 1097 400 1157 illud
435 1099 493 1156 in
539 1095 849 1175 propatulo
886 1098 1182 1179 servitium
1220 1097 1536 1173 spectanti;
1596 1089 1812 1175 quippe
1843 1096 2063 1156 Romae
2105 1099 2258 1156 sueti

194 1197 243 1237 15
262 1180 587 1256 discursus,
639 1188 699 1239 et
749 1180 1136 1258 magnitudine
1176 1179 1332 1238 urbis
1379 1181 1656 1239 incertum
1699 1179 1851 1257 quod
1895 1183 2138 1258 quisque
2179 1180 2258 1240 ad

258 1267 551 1342 negotium
585 1274 820 1342 pergat:
857 1264 934 1323 ibi
969 1282 1171 1343 campo
1216 1273 1312 1322 aut
1351 1261 1522 1326 litore
1567 1265 1828 1323 iacentes
1855 1263 2013 1323 nullo
2047 1264 2256 1323 discri-

258 1350 407 1408 mine
436 1356 666 1406 noctem
695 1365 766 1406 ac
796 1348 944 1413 diem
975 1349 1128 1407 iuxta
1160 1349 1403 1424 gratiam
1437 1355 1534 1406 aut
1572 1347 1753 1407 fastus
1784 1349 2084 1408 ianitorum
2116 1366 2253 1426 per-

261 1430 642 1511 petiebantur,
676 1430 867 1494 donec
898 1430 954 1488 id
985 1449 1215 1509 quoque
1249 1432 1512 1490 vetitum:
1563 1441 1620 1490 et
1647 1445 1931 1493 revenere
1961 1432 2018 1490 in
2047 1431 2257 1492 urbem

258 1513 499 1593 trepidi,
534 1531 699 1590 -quos
740 1532 854 1574 non
896 1532 1195 1589 sermone,
1239 1531 1354 1574 non
1385 1515 1511 1573 visu
1544 1515 1808 1593 dignatus
1841 1524 1980 1591 erat,
2018 1515 2256 1595 quidam

188 1613 241 1653 20
261 1597 408 1656 male
453 1596 712 1672 alacres,
770 1596 972 1674 quihus
1020 1598 1303 1658 infaustae
1347 1599 1626 1660 amicitiae
1679 1602 1876 1676 gravis
1918 1601 2109 1660 exitus
2169 1603 2252 1660 in-

257 1681 524 1740 minebat.
1019 1725 1029 1734 .

386 1765 487 1823 75.
536 1762 803 1823 Ceterum
830 1763 1095 1824 Tiberius
1118 1773 1350 1843 neptem
1373 1765 1753 1844 Agrippinam
1779 1766 2120 1828 Germanico
2155 1787 2252 1828 or·

258 1858 373 1908 tam
415 1865 541 1907 cum
587 1865 779 1907 coram
823 1845 929 1908 Cn.
961 1847 1211 1908 Domitio
1259 1849 1614 1925 tradidisset,
1674 1851 1730 1908 in
1768 1851 1910 1909 urbe
1959 1852 2256 1914 celebrari

256 1933 485 2011 nuptias
529 1933 710 1990 iussit.
775 1932 831 1989 in
871 1933 1121 1992 Domitio
1166 1950 1343 2011 super
1373 1942 1711 1992 vetustatem
1744 1937 1980 2011 generis
2013 1941 2254 2018 propin-

259 2035 427 2095 quum
466 2014 809 2078 Caesaribus
841 2019 1174 2094 sanguinem
1207 2017 1539 2096 delegerat;
1586 2036 1712 2076 nam
1755 2020 1804 2077 is
1841 2022 2028 2080 aviam
2077 2022 2252 2083 Octa·

258 2101 408 2161 viam
445 2109 503 2159 et
532 2120 637 2179 pet
670 2119 794 2160 eam
822 2100 1143 2178 Augustum
1175 2103 1515 2162 avunculum
1546 2102 1934 2178 praeferebat.
