2475 4000
746 197 955 248 LIBER
981 202 1125 248 xlv.
1162 194 1310 248 cAP.
1339 201 1579 255 58-61.
1703 220 1716 234 ι
2025 191 2148 256 279

275 353 394 414 60.
441 351 623 430 Igitur
674 337 919 430 accepto
968 348 1212 432 patrum'
1238 356 1536 430 consulto,
1588 366 1888 435 postquam
1947 369 2148 420 cuncta

143 435 450 496 scelerum
494 455 724 496 suorum
766 453 871 515 pro
914 439 1171 515 egregiis
1210 439 1399 516 accipi
1439 439 1630 515 videt,
1675 441 1942 501 exturbat
1980 442 2147 502 Octa-

148 522 327 595 viam,
366 521 625 580 sterilem
658 519 953 590 dictitans;
992 527 1143 582 exim
1171 521 1484 602 Poppaeae
1518 524 1898 600 coniungitur.
1951 544 2020 586 ea
2055 527 2148 586 diu

144 603 372 684 paelex
406 612 465 662 et
498 603 739 663 adulteri
764 603 1044 681 Neronis,
1091 624 1226 665 mox
1259 607 1440 666 mariti
1473 615 1715 686 potenS,
1761 608 2042 685 quendam
2075 629 2150 669 ex

144 689 435 746 ministris
468 686 742 768 Octaviae
786 688 1011 768 impulit
1050 689 1321 749 servilem
1351 691 1405 748 ei
1449 708 1700 750 amorem
1733 691 1989 750 obicere.
2039 689 2148 753 ‘de-
2176 720 2201 759 5
2256 766 2260 768 ,

143 773 512 850 stinaturque
556 789 690 830 reus
732 781 1121 848 cognomento
1168 773 1494 852 Eucaerus,
1537 776 1767 848 natione
1809 773 2148 836 Alexandri-

144 875 272 932 nus,
318 873 537 914 canere
566 854 721 914 tibiis
746 855 971 914 doctus.
1001 865 1165 916 actae
1194 856 1270 916 ob
1298 856 1355 916 id
1391 856 1462 916 de
1499 857 1719 917 ancillis
1760 859 2146 936 quaestiones,

144 949 199 998 et
232 941 293 998 vi
338 939 965 999 tormentorum-victis
1012 939 1345 1018 quibusdam
1374 950 1434 1000 ut
1461 941 1606 1000 falsa
1635 941 1980 1018 adnuerent,
2024 942 2147 1020 plu-

144 1042 237 1082 res
306 1025 626 1100 perstitere
682 1024 1037 1082 sanctitatem
1095 1024 1357 1084 dominae
1407 1025 1584 1092 tueri;
1657 1043 1732 1088 ex
1783 1024 1986 1103 quibus
2040 1043 2150 1084 una
2195 1093 2198 1098 ¹

142 1107 388 1166 instanti
423 1103 712 1182 Tigellino
744 1108 991 1166 castiora
1031 1125 1164 1167 esse
1196 1107 1497 1181 muliebria
1542 1107 1812 1167 Octaviae
1851 1107 2148 1188 respondit
2169 1127 2217 1168 10

146 1210 323 1271 quam
364 1207 435 1250 os
476 1191 618 1249 eius.
684 1199 945 1249 movetur
988 1198 1177 1250 tamen
1217 1193 1401 1270 primo
1459 1191 1642 1250 civilis
1684 1191 1906 1251 discidii
1947 1193 2147 1270 specie

146 1275 503 1351 domumque
532 1273 721 1352 Burri,
752 1273 989 1353 praedia
1020 1270 1220 1351 Plauti,
1253 1275 1496 1334 infausta
1526 1275 1708 1350 dona,
1741 1276 1982 1354 accipit:
2013 1292 2150 1333 mox

146 1362 201 1418 in
234 1356 617 1435 Campaniam
646 1358 812 1436 pulsa
854 1367 945 1417 est
976 1358 1165 1418 addita
1192 1358 1422 1418 militari
1453 1357 1728 1418 custodia.
1795 1359 1926 1418 inde
1960 1356 2150 1418 crebri

145 1451 397 1520 questus
430 1459 542 1500 nec
570 1442 783 1501 occulti
822 1460 930 1520 per
962 1443 1223 1519 vulgum,
1278 1441 1369 1501 cui
1407 1443 1592 1502 minor
1623 1443 1900 1521 sapientia
1937 1452 1994 1501 et
2031 1460 2148 1501 me·

148 1526 465 1586 diocritate
495 1525 758 1606 iortunae
792 1527 1066 1603 pauciora
1098 1526 1358 1604 pericula
1391 1536 1543 1606 sunt2
1603 1525 1692 1585 his
1719 1525 1901 1603 Nero,
1935 1544 2215 1604 nequa-15

151 1609 326 1687 quam
362 1611 715 1687 paenitentia
744 1608 979 1686 flagitii,
1028 1612 1336 1688 coniugem
1376 1611 1678 1670 revocavit
1707 1609 2025 1676 Octaviam.

267 1695 377 1754 61.
440 1692 608 1752 Exim
640 1693 777 1751 laeti
810 1691 1156 1772 Capitolium
1187 1695 1466 1757 scandunt
1505 1694 1764 1772 deosque
1795 1693 2020 1754 tandem
2052 1711 2146 1751 ve-

147 1786 446 1838 nerantur.
524 1775 753 1852 effigies
805 1776 1116 1855 Poppaeae
1172 1788 1479 1856 proruunt,
1533 1773 1808 1836 'Octaviae
1869 1777 2148 1853 imagines

146 1869 387 1938 gestant
443 1858 710 1935 umeris,
744 1871 1023 1937 spargunt
1064 1860 1302 1922 floribus
1347 1862 1594 1938 foroque
1639 1877 1708 1918 ac
1743 1855 1980 1938 ⁴templis
2035 1869 2146 1918 sta-

149 1954 333 2007 tuunt.
401 1951 437 2013 †
470 1945 583 2013 itur,
604 1945 773 2003 etiam
798 1945 853 2003 in
878 1947 1154 2024 principis
1184 1945 1384 2005 laudes
1405 1943 1709 2021 repetitum
1736 1945 2143 2002 venerantium.

147 2034 381 2108 iamque
438 2036 495 2086 et
535 2027 811 2088 Palatium
860 2029 1213 2088 multitudine
1273 2037 1328 2086 et
1370 2024 1714 2086 clamoribus
1759 2024 2144 2106 complebant,
2173 2042 2197 2080 5

150 2133 281 2173 cum
317 2112 517 2171 emissi
548 2112 781 2172 militum
809 2111 973 2189 globi
1011 2110 1352 2170 verberibus
1383 2120 1440 2169 et
1469 2112 1684 2169 intento
1709 2110 1867 2169 ferro
1892 2106 2147 2169 turbatos

148 2198 463 2258 disiecere.
520 2205 844 2273 mutataque
875 2213 1019 2274 quae
1053 2213 1158 2273 per
1190 2194 1528 2254 seditionem
1565 2188 1888 2269 verterant,
1916 2202 1974 2253 et
1999 2192 2148 2270 Pop·

148 2298 342 2360 paeae
368 2278 559 2339 honos
587 2282 878 2356 repositus
906 2288 1012 2338 est.
1072 2296 1219 2361 qpae
1265 2296 1496 2356 semper
1525 2277 1690 2355 odio,
1731 2286 1846 2337 tum
1893 2286 1952 2337 et
1997 2285 2150 2336 metu

122 2375 342 2437 atrox,
372 2380 449 2420 ne
480 2370 575 2421 ant
607 2362 765 2437 vulgi
792 2362 985 2421 acrior
1014 2363 1103 2420 vis
1130 2363 1432 2437 ingrueret
1461 2371 1557 2421 aut
1591 2361 1750 2420 Nero
1781 2362 2150 2421 inclinatione

148 2446 359 2524 populi
399 2452 741 2518 mutaretur,
792 2445 1101 2521 provoluta
1144 2440 1393 2521 genibus
1437 2446 1589 2521 eius,
1631 2462 1747 2504 non
1791 2460 1860 2503 eo
1904 2444 2020 2503 loci
2053 2461 2150 2501 res
2172 2460 2220 2500 ιο

147 2548 289 2589 suas
318 2528 417 2604 agi
448 2527 567 2602 ait,
602 2536 661 2585 ut
693 2526 766 2585 de
792 2529 1150 2587 matrimonio
1188 2537 1404 2603 certet,
1442 2543 1778 2605 quamquam
1807 2526 1866 2587 id
1901 2525 2008 2584 sibi
2039 2527 2151 2584 vita

147 2614 370 2693 potius,
406 2610 514 2669 sed⁴
534 2611 707 2669 vitam
736 2612 927 2689 ipsam
948 2612 1005 2669 in
1036 2620 1353 2671 extremum
1387 2610 1686 2671 adductam
1717 2627 1748 2668 a
1781 2608 2064 2672 clientelis
2095 2616 2152 2674 et

148 2694 410 2756 servitiis
454 2692 761 2771 Octaviae,
815 2711 964 2771 quae
999 2694 1187 2773 plebis
1228 2694 1342 2754 sibi
1371 2712 1594 2779 nomen·
1624 2691 1962 2766 indiderint,
1997 2692 2152 2751 eain

150 2798 303 2859 pace
340 2779 465 2837 ausi
498 2794 645 2855 quae
674 2778 775 2836 vix
813 2776 973 2837 bello
1006 2780 1326 2845 evenirent.
1385 2795 1538 2839 arma
1573 2776 1672 2836 illa
1692 2776 1973 2835 adversus
1998 2776 2149 2852 prin-

154 2865 347 2941 cipem
392 2870 645 2938 sumpta;
691 2860 895 2921 ducem
925 2870 1139 2922 tantum
1185 2862 1470 2939 defuisse,
1498 2863 1610 2939 ‘qui
1646 2861 1816 2920 motis
1857 2858 2033 2918 rebus
2057 2858 2218 2916 fa-15

153 2946 267 3007 cile
314 2946 710 3023 reperiretur,
764 2946 1051 3005 omitteret
1100 2945 1279 3005 modo·
1323 2944 1690 3023 Campaniam
1741 2951 1798 3004 et
1847 2944 1904 3001 in
1951 2940 2150 3002 urbem

152 3032 281 3108 ipsa
324 3037 638 3107 pergeret,
682 3027 753 3088 ad
799 3028 960 3087 cuius
1001 3035 1193 3088 nutum
1236 3028 1494 3087 absentis
1536 3026 1801 3086 tumultus
1847 3027 2148 3088 cierentur.

156 3113 311 3192 quod
344 3113 603 3189 alioquin
636 3130 797 3171 suum
818 3110 1129 3185 delictum?
1184 3130 1352 3191 quam
1379 3113 1706 3188 cuiusquam
1732 3104 2149 3170 offensionem?

156 3216 227 3257 an
289 3199 424 3275 quia
472 3212 669 3255 veram
715 3195 1053 3275 progeniem
1113 3194 1415 3273 penatibus
1464 3192 1774 3253 >Caesarum
1815 3192 2012 3251 datura
2055 3192 2147 3265 sit,

155 3282 327 3341 malle
370 3278 649 3359 populum
686 3279 1005 3340 Romanum
1053 3278 1304 3339 tibicinis
1343 3277 1620 3355 Aegyptii
1665 3274 1928 3352 subolem
1967 3276 2144 3351 impe·
2167 3286 2221 3326 2⁰

159 3366 373 3425 ratorio
405 3364 642 3439 fastigio
676 3358 907 3422 induci?
962 3361 1227 3441 denique,
1261 3364 1310 3421 si
1340 3362 1394 3421 id
1423 3360 1598 3441 rebus
1628 3358 1930 3434 conducat,
1951 3356 2150 3417 „libens

158 3467 323 3527 quam
384 3455 627 3507 coactus
680 3448 900 3508 acciret
952 3446 1268 3524 dominam,
1337 3445 1433 3505 vel
1483 3443 1813 3504 consuleret
1863 3442 2152 3503 securitati
2206 3496 2211 3501 .
