2475 4000
2029 0 2426 92 <q

367 215 533 262 xmn
587 185 595 190 ’
916 209 1484 259 -οοΜΜΕΝΤΑΒῙοε
1528 207 1862 257 emmens.
1906 178 1922 184 ’
2425 154 2427 282 Ι

369 374 425 428 in
460 378 494 426 t.
535 371 571 424 f.
606 377 832 441 recepta
856 371 946 425 He
983 362 993 448 Ι
1034 377 1100 428 lo
1124 339 1482 440 perstringor
1499 393 1522 436 ,·
1537 383 1638 422 em.
1673 365 2022 438 Canneaiete'r
2063 357 2076 442 Ι
2123 370 2204 424 13
2223 351 2428 418 uisum⁴

371 456 560 509 fultum
596 453 673 520 N,
716 455 907 508 summi
936 453 1049 521 (vel
1074 458 1394 523 usurpatum
1431 452 1652 519 summi)
1695 451 1890 506 Wurm
1919 450 2036 506 coll.
2073 455 2152 518 3,
2189 453 2300 510 56;
2349 453 2404 508 l'

258 585 267 598 .
370 545 435 596 65
476 531 483 612 Ι
526 543 591 594 14
618 552 921 607 reposcere
953 537 1067 591 Hm
1101 542 1153 589 et
1180 534 1556 606 Oelschlc'iyer:
1586 534 1932 605 respondere
1956 534 2313 604 (repetere,
2343 537 2430 586 red

373 635 588 676 sumere
612 661 628 690 ,
666 636 973 692 reponere,
1004 619 1292 690 respicere
1323 625 1426 693 etc.
1457 619 1576 686 alii)

541 714 652 785 55,
698 724 726 775 1
767 717 821 771 ei
854 716 1113 789 Spenyel:
1159 723 1214 772 et
1248 717 1332 784 (et
1375 716 1480 771 del.
1512 715 1587 783 L)
1637 708 1646 793 Ι
1697 721 1733 773 4
1771 716 1981 770 abavus
2009 714 2088 768 L.-
2137 729 2292 768 auus
2335 705 2348 788 Ι
2395 678 2431 802 5Ι

373 803 492 872 ipsa
534 800 543 879 Ι
583 807 647 858 15
680 800 785 855 nisi
817 801 964 856 forte
999 840 1012 852 .
1039 840 1052 852 .
1087 801 1316 872 expiere
1345 815 1455 854 non
1482 804 1668 870 potest
1699 795 1846 856 Med.
1875 797 2039 852 habet
2054 803 2206 868 post
2235 797 2426 865 ing-re-

372 885 548 940 dimur
578 900 713 954 pay.
738 881 883 946 *277‚
924 887 988 954 2,
1020 883 1132 938 huc
1166 885 1504 953 transposuit
1524 881 1760 953 Spenyel
1793 874 1803 958 Ι
1846 887 1910 940 16
1949 887 2004 936 et
2030 883 2111 936 A.-
2164 880 2276 936 sed
2315 870 2324 955 Ι
2363 881 2433 954 1’“1Ι

373 968 427 1022 in
456 985 538 1023 me
566 983 689 1022 mea
720 967 955 1022 libertas

540 1061 617 1118 57
636 1105 652 1132 ,
694 1071 763 1123 10
789 1063 1071 1135 praesenti
1100 1077 1274 1134 opera
1307 1061 1380 1117 L.-
1412 1063 1797 1133 praesentiora
1822 1035 2142 1134 (praesbnti
2181 1075 2322 1114 eura
2346 1057 2420 1127 H,

312 1147 320 1154 ’
372 1147 737 1219 praes,eopia
782 1145 871 1200 He
910 1147 1028 1202 coll.
1073 1153 1139 1215 4,
1176 1151 1240 1205 47
1295 1137 1303 1223 Ι
1354 1151 1420 1203 12
1461 1161 1766 1218 suspensos
1808 1146 1886 1200 L.-
1933 1133 2244 1216 suspectos
2296 1135 2308 1214 Ι
2356 1147 2435 1210 13,

372 1231 729 1302 praecipuum
757 1230 825 1286 ad
856 1227 1138 1286 audaciam
1166 1229 1256 1283 Bz
1278 1231 1395 1284 coll.
1426 1235 1490 1298 6,
1511 1233 1543 1288 7
1575 1230 1908 1306 praecipuos
1945 1229 2018 1284 ad
2038 1228 2300 1295 seelera,
2337 1231 2416 1292 14,

372 1321 439 1373 58
466 1313 821 1384 praecipuum
858 1314 927 1369 ad
958 1313 1206 1384 pericula
1248 1306 1256 1388 Ι
1294 1319 1362 1370 20
1389 1314 1658 1384 prelatum
1703 1313 1963 1378 (relatum
1991 1313 2100 1378 al.)

541 1404 655 1478 58,
694 1417 725 1468 5
761 1410 810 1464 si
839 1410 967 1463 add.
1000 1410 1088 1463 Bz
1123 1409 1133 1480 Ι
1171 1415 1203 1468 9
1235 1410 1583 1465 transissent.
1622 1409 1771 1478 Una,
1813 1422 1916 1463 em.
1947 1408 2270 1469 Boxhorm
2307 1421 2410 1475 pro

374 1509 511 1548 vana
542 1492 740 1546 mavult
774 1491 861 1546 Bz
892 1497 1127 1561 cuneta,
1162 1493 1536 1564 Britzelmayr
1565 1493 1748 1548 inania
1783 1484 1796 1570 Ι
1847 1492 1977 1547 odio
2012 1491 2057 1547 G
2107 1484 2118 1570 Ι
2179 1497 2250 1548 10
2279 1506 2407 1559 age-

372 1578 598 1644 bantur,
641 1589 743 1630 em.
777 1574 995 1630 Medius
1044 1567 1053 1652 Ι
1108 1579 1170 1632 12
1211 1576 1478 1647 promtum
1506 1575 1645 1630 Hm.-
1691 1577 1860 1631 otium
1899 1574 1984 1643 (in
2029 1575 2153 1630 otio
2203 1573 2404 1627 nullum

384 1659 606 1726 Wurm,
653 1660 875 1715 obvium
927 1658 1001 1725 0,
1044 1675 1271 1729 segnem
1316 1666 1577 1730 mortem,
1619 1659 1875 1718 inertium
1907 1659 2213 1728 suffugium
2237 1656 2328 1710 He
2352 1657 2406 1708 in

362 1743 618 1814 prtaef.);
660 1748 811 1798 certa
851 1743 1281 1797 locsemenclatio
1307 1743 1787 1818 nondumqinventa
1818 1749 1910 1797 est.
1953 1733 1964 1821 Ι
2003 1757 2074 1797 ex
2102 1741 2257 1796 Hm.-
2305 1744 2358 1793 et
2388 1729 2398 1811 Ι

374 1829 440 1885 13
468 1821 824 1882 miseratione
861 1820 869 1902 Ι
912 1831 977 1883 14
1012 1827 1452 1898 aspernantium,
1483 1839 1585 1883 em.
1615 1825 1705 1880 Pu
1743 1818 1753 1904 Ι
1794 1832 1861 1884 18
1891 1826 2138 1881 audienti

540 1917 655 1990 59,
694 1927 729 1980 6
772 1920 1065 1976 Cornutum
1096 1921 1173 1975 Ra·
1220 1913 1229 1999 Ι
1281 1925 1311 1980 7
1348 1939 1482 1994 prae
1513 1925 1720 1978 incerta
1755 1923 1819 1978 H
1859 1913 1868 1974 Ι
1919 1913 1992 1981 12'
2012 1924 2259 1979 referam
2286 1919 2398 1975 Pu.-

374 2008 684 2063 referebam
720 2000 731 2080 Ι
773 2012 837 2065 13
869 2021 943 2061 ex
970 2007 1143 2061 Dione
1170 2006 1371 2073 LXII,
1407 2011 1482 2063 14
1507 2010 1766 2081 supplere
1788 2010 2001 2078 possis:
2046 2024 2180 2077 cur,
2228 2004 2398 2075 inquit

371 2091 550 2229 2321:
581 2090 873 2240 (2¹3⁰)minem
922 2097 1169 2145 nasutum
1217 2084 1414 2146 timui?
1457 2084 1470 2169 Ι
1524 2098 1592 2150 20
1634 2098 1740 2145 tum
1785 2092 1925 2205 Irim.-
1982 2097 2090 2147 tam
2145 2090 2283 2159 (iam
2332 2086 2392 2149 F,

542 2265 652 2336 60,
697 2274 730 2327 6
765 2284 1032 2338 eucerus,
1067 2286 1167 2327 em.
1203 2272 1261 2325 F
1289 2262 1299 2349 Ι
1339 2273 1728 2341 alexandrina,
1758 2288 1858 2327 em.
1884 2270 1929 2327 L
1967 2264 1976 2347 Ι
2013 2277 2044 2332 7
2080 2290 2184 2345 per
2215 2270 2390 2341 tybias

372 2352 581 2424 (perite
611 2351 746 2406 tibia
770 2350 855 2419 H,
884 2353 1063 2422 perite
1095 2354 1248 2409 tibiis
1280 2356 1394 2423 Bz)
1445 2356 1454 2427 Ι
1501 2362 1538 2415 8
1566 2362 1626 2411 ut
1659 2356 1799 2412 falsa
1830 2356 1948 2411 Pu.-
1992 2356 2040 2411 si
2073 2356 2215 2413 falsa
2272 2346 2282 2430 Ι
2329 2358 2386 2409 11

374 2440 657 2493 amovetur
684 2434 771 2521 Fa!
798 2441 848 2489 et
880 2434 927 2489 Λ
978 2433 985 2505 Ι
1039 2443 1106 2494 13
1136 2437 1189 2490 in
1222 2439 1537 2510 campania,
1568 2454 1669 2493 em.
1699 2439 1788 2495 Pu
1837 2431 1845 2517 Ι
1898 2444 1965 2499 14
1997 2444 2054 2495 et
2083 2440 2228 2494 med.
2251 2437 2388 2511 Hm..-

375 2537 444 2575 ex
476 2517 613 2573 med.
642 2519 726 2583 (et
757 2534 826 2572 ex
855 2518 992 2574 med.
1019 2518 1131 2586 Pu)
1170 2512 1179 2595 Ι
1221 2526 1286 2579 16
1315 2523 1401 2578 his
1417 2522 1596 2590 Ner-0,
1628 2538 1969 2595 nequaquam
1998 2540 2156 2594 paen.
2190 2522 2272 2578 D.-
2306 2519 2386 2573 his

374 2617 693 2675 quamquam
734 2600 881 2657 Nero
917 2617 1085 2673 paen.
1131 2602 1221 2669 (N
1232 2610 1363 2673 post
1401 2605 1488 2659 his
1530 2607 1740 2676 siquam
1775 2608 2005 2661 lacunae
2040 2608 2227 2675 posuit
2259 2611 2386 2658 tam-

376 2702 534 2757 quam
570 2685 710 2739 idem
752 2685 1024 2741 scribens,-
1068 2684 1157 2739 He
1186 2692 1316 2756 post
1357 2687 1552 2758 flag-itii
1589 2690 1760 2759 plura
1799 2690 2097 2760 supplevit,-
2140 2692 2260 2760 ipse
2287 2686 2379 2739 ali·

372 2768 589 2841 quando
628 2770 1020 2839 cogitaveram.-
1070 2766 1167 2825 His
1212 2787 1532 2842 quamquam
1572 2768 1804 2846 Nero[ni
1837 2774 1986 2830 nulla
2009 2768 2158 2846 erat]
2199 2766 2382 2844 paeni-

378 2853 548 2909 tentia
585 2856 714 2921 etc.)

540 2930 610 2991 61
640 2976 656 3004 ,
701 2940 733 2990 2
765 2942 1071 3007 prorugunt
1100 2922 1485 3009 (prorump'unt
1517 2938 1621 3005 JV)
1671 2929 1681 3015 Ι
1731 2943 1766 2995 4
1795 2938 2086 3010 repetitum
2118 2936 2379 2993 'veneran-

374 3019 505 3074 tium
534 3018 638 3075 del.
668 3017 773 3079 Rau·
816 3016 954 3088 fort.
1000 3018 1109 3073 itur
1154 3019 1316 3074 etiam
1345 3020 1399 3075 in
1439 3020 1706 3093 principis
1743 3022 1913 3077 aedes
1953 3022 2144 3076 laudes
2177 3016 2378 3091 repeti-

374 3108 483 3156 tum
534 3100 912 3156 venerantium
965 3096 1083 3157 cell.
1142 3109 1235 3172 12,
1286 3108 1384 3163 37:
1440 3104 1803 3177 Agrippinam
1849 3146 1860 3157 .
1905 3146 1918 3158 .
1964 3105 2138 3159 isdem
2187 3103 2374 3175 quibus

374 3185 677 3256 prinoipem
716 3184 964 3240 laudibus
1008 3186 1371 3257 gratibusque
1403 3187 1651 3243 venerati
1687 3195 1826 3241 sunt.
1879 3180 1890 3263 Ι
1941 3195 2001 3246 11
2043 3186 2134 3258 agi
2178 3188 2254 3243 ait
2279 3184 2374 3238 Ri:

376 3268 464 3337 agi
509 3268 614 3333 (ait
654 3268 765 3334 Bz)
814 3258 825 3345 Ι
884 3273 951 3327 14
994 3270 1144 3325 ausis
1183 3268 1230 3323 L
1279 3264 1289 3346 Ι
1342 3273 1404 3329 17
1449 3270 1568 3341 ipsa
1610 3269 1946 3326 Boettae'cker:
1993 3270 2197 3341 ipsam;
2249 3262 2376 3323 illud

374 3352 741 3405 necessarium
758 3360 993 3422 propter
1020 3354 1322 3423 oppositum
1355 3352 1598 3408 absentis
1639 3344 1650 3426 Ι
1685 3359 1755 3413 2ο
1777 3355 1992 3423 mallet,
2024 3366 2123 3409 em.
2146 3353 2233 3408 Pu
2256 3350 2371 3419 (da-

374 3439 495 3489 tura
529 3425 641 3489 sit?
676 3435 835 3491 malle
869 3477 881 3490 .
908 3477 920 3491 .
955 3431 1168 3491 induci!
1212 3436 1308 3502 ᾳῑίί
1334 3437 1688 3505 dis-linquunt)
