2475 4000
356 215 481 278 234
899 220 1229 272 conunnn
1255 220 1492 270 mern
1516 219 1882 267 ANNALmM

483 381 587 440 20.
630 378 920 439 Provecta
962 392 1080 434 nox
1121 383 1248 434 erat
1287 382 1346 432 et
1372 372 1591 436 Neroni
1621 389 1731 450 per
1765 372 2138 442 vinolentiam
2164 371 2371 434 trahe-

357 465 545 538 batur,
578 479 707 522 cum
732 457 1053 536 ingreditur
1076 457 1258 533 Paris,
1287 455 1493 516 solitus
1524 455 1777 533 alioquin
1804 455 1863 517 id-
1881 457 2166 534 temporis
2189 455 2374 518 luxus

357 547 635 628 principis
682 542 1026 622 intendere,
1060 541 1165 602 sed
1194 549 1328 600 tunc
1359 541 1718 617 compositus
1745 537 1818 601 ad
1846 539 2228 616 maestitiam,
2259 558 2371 600 ex-

355 633 669 710 positoque
690 627 903 687 'indicii
948 625 1151 684 ordine
1193 624 1274 682 ita
1317 619 1642 684 audientem
1677 629 1968 698 exterret,
1997 631 2060 681 ut
2089 639 2208 684 nou
2237 633 2372 687 tan·

308 731 336 770 5
359 723 475 774 tum
516 718 760 773 matrem
804 708 1179 784 Plautumque
1208 707 1576 780 interlicere,
1625 705 1731 766 se‘d
1764 706 2007 767 Burrum
2053 707 2225 766 etiam
2259 707 2372 766 de·

352 813 595 858 movere
638 791 1007 870 praefectura
1061 789 1376 850 destinaret
1433 798 1716 865 tamquam
1755 788 2122 864 Agrippinae
2169 791 2374 862 gratia

354 886 696 959 provectum
732 881 791 932 et
819 874 1007 933 vicem
1034 871 1392 932 reddentem.
1457 869 1670 930 Fabius
1696 871 1970 930 Rusticus
2000 877 2205 930 auctor
2245 879 2370 945 est,

354 963 610 1039 scriptos
654 974 789 1018 esse
834 953 907 1014 ad
952 953 1264 1016 Caecinam
1301 953 1549 1024 Tuscum
1597 952 1938 1029 codicillos,
1989 952 2256 1015 mandata
2304 955 2370 1012 ei

356 1044 777 1124 praetoriarum
806 1038 1129 1101 cohortium
1154 1055 1324 1112 cura,
1368 1035 1476 1098 sed
1517 1054 1633 1116 ope
1665 1036 1930 1096 Senecae
1971 1035 2370 1112 dignationem

192 1157 197 1172 ·
286 1147 335 1189 ιο
348 1129 535 1190 Burro
578 1132 890 1185 retentam:
940 1121 1155 1183 Plinius
1200 1129 1260 1180 et
1305 1118 1541 1181 Cluvius
1585 1119 1726 1181 nihil
1767 1119 2080 1182 dubitatum
2129 1118 2201 1179 de
2243 1119 2370 1180 fide

354 1209 644 1293 praefecti
672 1208 966 1290 referunt:
1012 1223 1155 1266 sane
1182 1203 1396 1266 Fabius
1425 1203 1674 1265 inclinat
1712 1203 1786 1264 ad
1832 1203 2038 1264 laudes
2066 1204 2364 1279 Senecae,

356 1297 515 1356 cuius
540 1293 789 1354 amicitia
811 1289 1023 1352 floruit.
1086 1307 1194 1349 nos
1222 1305 1570 1350 consensum
1593 1296 1888 1348 auctorum
1911 1289 2178 1364 secuturi,
2201 1305 2366 1365 quae

354 1381 585 1440 diversa
618 1373 1010 1456 prodiderint,
1056 1371 1160 1434 sub
1190 1372 1511 1432 nominibus
1541 1374 1800 1450 ipsorum
1829 1371 2138 1434 trademus.
2188 1370 2360 1432 Nero

353 1459 613 1539 trepidus
664 1467 723 1518 et
766 1457 1203 1518 interficiendae
1245 1457 1443 1516 matris
1487 1455 1686 1518 avidus
1745 1473 1863 1517 non
1919 1457 2079 1535 prius
2135 1454 2362 1525 differri

285 1564 337 1604 15
356 1544 543 1624 potuit
574 1558 745 1620 quam
776 1540 993 1600 Burrus
1021 1557 1226 1605 necem
1257 1542 1382 1599 eius
1405 1541 1784 1618 promitteret,
1817 1541 1866 1598 si
1887 1541 2166 1603 facinoris
2190 1556 2360 1600 coar·

353 1635 659 1706 gueretur:
693 1623 799 1684 sed
822 1625 1183 1700 cuicumque,
1212 1623 1422 1684 nedum
1443 1625 1665 1702 parenti
1687 1623 2082 1686 defensionem
2103 1622 2362 1684 tribuen-

352 1713 513 1780 dam;
552 1727 665 1769 nec
712 1715 1087 1770 accusatores
1128 1707 1370 1782 adesse,
1417 1708 1523 1768 sed
1563 1725 1770 1769 vocem
1815 1709 1980 1768 unius
2014 1725 2090 1768 ex
2127 1707 2362 1768 inimica

352 1796 530 1856 domo
554 1793 798 1854 adferri:
823 1799 1124 1869 reputaret
1146 1790 1419 1851 tenebras
1442 1800 1501 1851 et
1514 1792 1808 1870 vigilatam
1831 1793 2106 1855 convivio
2125 1800 2362 1852 noctem

354 1879 659 1956 omniaque
686 1876 992 1938 temeritati
1025 1884 1084 1934 et
1112 1876 1374 1936 inscitiae
1405 1877 1706 1954 propiora.

478 1963 580 2027 21.
632 1959 733 2022 Sic
774 1959 953 2023 lenito
988 1959 1270 2039 principis
1299 1968 1453 2021 metu
1487 1968 1544 2021 et
1573 1960 1706 2022 luce
1737 1968 1860 2021 orta
1893 1961 2005 2021 itur
2034 1957 2108 2019 ad
2138 1956 2360 2039 Agrip-

350 2049 565 2128 pinam,
592 2055 655 2107 ut
683 2053 959 2107 nosceret
990 2044 1220 2105 obieeta
1249 2044 1718 2124 dissolveretque
1746 2045 1844 2105 vel
1869 2060 2120 2122 poenam
2143 2043 2358 2105 lueret.

351 2133 567 2193 Burrus
605 2131 679 2191 iis
726 2128 1008 2189 mandatis
1053 2129 1282 2189 Seneca
1327 2146 1524 2190 coram
1575 2128 1950 2206 sung-ebatum
2013 2127 2264 2191 aderant
2299 2135 2361 2187 et

352 2234 427 2275 ex
468 2213 693 2273 libertis
736 2212 939 2272 arbitri
975 2214 1282 2274 sermonis..
1339 2212 1546 2275 deinde
1585 2230 1620 2273 a
1653 2213 1870 2290 Burro,
1907 2220 2216 2292 postquam
2245 2212 2356 2272 cri-

302 2323 330 2362 s
351 2299 501 2360 mina
546 2299 607 2355 et
643 2304 915 2357 auctores
960 2300 1260 2374 exposuit,
1307 2298 1606 2359 minaciter
1648 2306 1856 2358 actum.
1923 2304 1983 2356 et
2022 2295 2354 2374 Agrippina

350 2380 611 2442 ferociae
636 2397 857 2441 memor
884 2379 1039 2439 ‘non
1068 2382 1280 2443 miror'
1311 2381 1492 2458 inquit
1521 2384 1540 2415 e
1557 2381 1828 2457 suanam,
1861 2397 2165 2458 numquam
2193 2378 2350 2439 edito

350 2473 549 2544 partu,
578 2472 819 2525 matrum
850 2462 1112 2526 adfectus
1142 2466 1382 2541 ignotos
1408 2465 1659 2535 babere;
1701 2483 1894 2544 neque
1926 2466 2080 2526 enim
2111 2461 2346 2542 perinde

350 2567 383 2609 a
412 2547 749 2626 parentibus
779 2546 951 2607 liberi
981 2563 1149 2623 quam
1188 2548 1262 2607 ab
1299 2548 1566 2627 inpudica
1599 2548 1844 2611 adulteri
1870 2557 2171 2613 mutantur..
2231 2563 2350 2605 neo

352 2634 401 2692 si
440 2631 651 2692 Iturius
690 2642 751 2691 et
796 2629 1082 2691 Calvisius
1128 2630 1320 2691 adesis
1363 2632 1625 2695 omnibus
1678 2634 1932 2695 fortunis
1981 2632 2351 2695 novissimam

278 2737 330 2777 10
352 2715 763 2793 suscipiendae
796 2714 1181 2783 accusationis
1228 2732 1468 2793 operam
1509 2718 1638 2777 anui
1679 2718 2039 2795 rependunt,
2079 2715 2214 2777 ideo
2255 2722 2356 2775 aut

325 2798 485 2861 -mihi
525 2798 756 2859 infamia
799 2796 1095 2875 parricidii
1118 2806 1213 2859 aut
1240 2797 1479 2863 Caesari
1519 2803 1873 2863 conscientia
1908 2799 2205 2865 subeunda
2237 2807 2350 2861 cst.

346 2900 477 2945 nam
509 2881 797 2943 Domitiae
828 2881 1135 2941 inimicitiis
1166 2885 1386 2959 gratias
1416 2902 1674 2962 agerem,
1709 2887 1762 2951 si
1789 2884 2204 2947 benevolentia
2231 2901 2354 2943 me-

348 2984 477 3027 cum
520 2967 579 3027 in
615 2964 909 3027 Neronem
948 2981 1135 3026 meum
1163 2977 1442 3030 certaret:
1487 2987 1640 3031 nunc
1677 2986 1788 3048 per
1817 2967 2202 3031 concubinum
2227 2968 2354 3029 Ati-

344 3059 557 3111 metum
604 3058 663 3111 et
707 3048 1043 3111 histrionem
1083 3049 1344 3113 Paridem
1398 3053 1564 3130 quasi
1616 3070 1872 3117 scaenae
1921 3052 2150 3117 fabulas
2195 3069 2354 3115 con-

274 3146 327 3188 as
351 3136 534 3212 ponit.
588 3132 849 3194 Baiarum
892 3150 1118 3195 suarum
1156 3137 1410 3213 piscinas
1456 3136 1809 3215 extollebat,
1856 3156 1982 3201 cum
2021 3139 2169 3199 meis
2213 3154 2354 3199 cou-

292 3299 300 3307 ,
344 3218 490 3277 siliis
520 3217 757 3297 adoptio
790 3226 849 3280 et
881 3219 1303 3296 proconsulare
1343 3221 1436 3283 ius
1460 3229 1520 3282 et
1549 3220 1877 3307 designatio<
1913 3220 2254 3285 consulatus
2297 3229 2358 3281 et

345 3311 547 3363 cetera
598 3300 915 3380 apiscendo
969 3304 1213 3383 imperio
1255 3308 1759 3383 praepararentur.
1824 3315 1920 3369 aut
1961 3306 2208 3370 exsistat
2259 3306 2356 3384 qui

343 3384 617 3446 cohortes
656 3386 714 3445 in
755 3386 899 3449 urbe
938 3396 1276 3467 temptatas,
1334 3389 1430 3467 qui
1484 3390 1912 3466 provinciarum
1963 3390 2134 3451 fidem
2188 3390 2356 3451 Iabe-

337 3465 635 3545 factatam,
695 3470 938 3551 denique
979 3490 1187 3533 servos
1232 3472 1327 3531 vel
1387 3471 1656 3533 libertos*
1685 3474 1758 3535 ad
1795 3475 1991 3534 scelus
2031 3483 2354 3553 corruptos
