2475 4000
304 191 384 254 76
816 199 1144 252 commu
1168 203 1401 266 'raom
1424 204 1790 252 miramon

302 359 511 418 ferunt.
574 366 804 416 cursant
834 375 939 435 per
968 359 1168 419 urbem
1188 404 1207 436 ,
1238 354 1544 418 moliuntur
1589 357 1932 436 templorum
1977 355 2174 425 fores;
2219 358 2306 418 iu-

304 450 401 500 vat
434 439 831 500 credulitatem
859 460 979 502 nox
1007 452 1065 503 et
1094 443 1417 521 promptior
1450 444 1599 502 inter
1633 441 1908 500 tenebras
1955 440 2304 500 adfirmatio.

234 548 285 587 20
304 540 414 584 nec
448 523 668 584 obstitit
696 523 858 584 falsis
894 526 1161 586 Tiberius
1178 543 1207 605 ,‘
1245 527 1434 585 donec
1457 535 1735 604 tempore
1776 537 1846 584 ac
1887 525 2076 602 spa-tio
2120 541 2310 583 vane-

305 616 583 667 scerents
604 617 663 667 et
695 609 945 686 populus
976 612 1139 688 qnasi
1166 627 1390 668 rursum
1421 618 1684 686 ereptum
1713 609 1902 667 acrius
1931 607 2136 667 doluit.

426 690 525 752 83.
572 690 872 768 HonoreS,
921 702 981 752 ut
1018 695 1147 772 quis
1188 711 1386 752 amore
1416 695 1474 751 in
1506 691 1902 754 Germanicum
1932 700 2026 750 aut
2059 693 2310 768 ingenio

301 775 559 854 validus,
601 778 821 854 reperti
854 777 1222 855 decretique:
1267 785 1328 835 ut
1371 793 1578 836 nomen
1621 776 1746 834 eius
1791 775 1996 834 Saliari
2041 777 2309 834 carmine

305 867 638 928 caneretur;
664 859 838 918 sedes
862 861 1092 920 curules
1116 860 1478 919 sacerdotum
1502 858 1898 936 Augustalium
1921 858 2070 917 locis
2089 876 2306 938 super-

303 961 416 1021 que
470 959 570 1002 eas
606 961 913 1020 ‘querceae
970 958 1225 1003 coronae
1280 952 1694 1010 statuerentur3
1756 942 1922 1001 ludos
1995 943 2308 1002 circenses

256 1051 279 1090 5
304 1027 521 1086 eburna
545 1026 771 1102 effigies
798 1027 1085 1103 praeiret,
1133 1045 1282 1087 neve
1307 1028 1434 1105 quis
1460 1027 1664 1086 flamen
1699 1035 1794 1086 aut
1818 1043 1999 1102 augur
2021 1025 2304 1085 inlocum

204 1165 211 1176 ,
301 1110 621 1172 Germanici
664 1111 772 1168 nisi
808 1114 997 1186 gentis
1038 1111 1215 1170 Iuliae
1259 1119 1573 1170 crearetur.
1644 1127 1812 1168 arcus
1857 1109 2029 1168 additi
2070 1108 2305 1169 Romae

302 1203 359 1253 et
392 1193 543 1272 apud
566 1195 748 1270 ripam
780 1193 966 1253 Rheni
1002 1204 1061 1254 et
1094 1196 1150 1253 in
1178 1203 1371 1253 monte
1401 1195 1600 1253 Suriae
1633 1192 1888 1267 Amano,
1931 1209 2057 1250 cum
2089 1193 2300 1252 inscri-

300 1279 497 1355 ptione
539 1295 731 1336 rerum
776 1288 1069 1354 gestarum
1109 1295 1179 1337 ac
1200 1294 1205 1302 ·
1225 1287 1466 1337 mortem
1497 1277 1572 1336 ob
1592 1275 2026 1354 rempublicam
2057 1276 2296 1344 obisse;

301 1359 669 1438 sepulchrum
698 1360 1076 1436 Antiochiae,
1111 1362 1207 1420 ubi
1245 1370 1560 1438 crematus,
1604 1359 2294 1438 tribunalEpidaplrnae,

231 1461 279 1500 10
301 1460 413 1520 qno
452 1443 510 1500 in
540 1442 673 1500 loco
704 1444 876 1502 vitam
908 1446 1151 1504 finierat.
1212 1454 1520 1505 statuarum
1559 1445 1896 1504 locorumve
1939 1445 1997 1500 in
2033 1445 2160 1521 quis
2192 1461 2298 1502 co-

298 1529 557 1586 lerentur
597 1525 745 1585 haud
786 1526 959 1586 facile
1004 1529 1131 1608 quis
1170 1546 1463 1588 numerum
1509 1529 1716 1587 inierit.
1793 1543 1922 1586 cum
1953 1536 2302 1586 censeretur

300 1609 524 1688 clipeus
560 1625 699 1668 auro
731 1618 790 1668 et
818 1611 1207 1686 magnitudine
1239 1612 1477 1687 insignis
1519 1613 1668 1671 inter
1699 1619 1968 1671 auctores
2009 1611 2300 1688 eloquen-

296 1695 445 1768 tiae,
496 1691 860 1752 adseveravit
896 1693 1163 1752 Tiberius
1198 1695 1428 1754 solitum
1466 1711 1781 1772 paremque
1823 1695 2035 1768 ceteris
2073 1694 2298 1754 dicatu-

272 1781 452 1834 *rumz
493 1787 680 1853 neque
722 1777 869 1836 enim
914 1777 1300 1855 eloquentiam
1339 1778 1566 1836 fortuna
1607 1778 1890 1854 discerni,
1935 1786 1992 1835 et
2039 1779 2180 1836 satis
2207 1780 2298 1836 in-

233 1869 280 1907 15
303 1860 516 1934 lustre,
553 1861 601 1917 si
630 1869 863 1920 veteres
896 1862 1046 1920 inter
1070 1864 1390 1940 scriptores
1427 1861 1754 1921 haberetur.
1803 1869 2096 1938 ‘equester
2143 1861 2298 1920 ordo

303 1961 542 2004 cuneum
567 1942 889 2005 Germanici
912 1945 1347 2025 appellavit‘qui
1371 1945 1650 2005 iuniorum
1673 1945 1990 2021 dicebatur,
2022 1945 2296 2004 institnit-

300 2039 412 2108 que
448 2029 528 2088 uti
557 2033 777 2089 >turmae
808 2030 1183 2090 idibus‘luliis
1214 2030 1516 2106 imaginem
1545 2030 1667 2089 eius
1704 2034 2100 2108 sequerentur.
2163 2030 2296 2107 ple-

298 2130 481 2190 raque
509 2122 763 2172 manent:
808 2114 1089 2192 quaedam
1120 2116 1306 2195 statim
1337 2116 1546 2189 omissa
1577 2122 1706 2172 sunt
1747 2122 1844 2173 aut
1885 2121 2142 2172 vetustas
2187 2113 2320 2171 ob-·

302 2196 571 2255 literavit.
1373 2228 1392 2255 ᾇ

431 2276 529 2337 84.
595 2276 861 2339 Ceterum
912 2283 1136 2341 recenti
1184 2280 1370 2342 adhuc
1415 2281 1696 2342 maestitia
1745 2296 1914 2337 soror
1967 2278 2295 2340 Germanici

298 2360 477 2437 Livia,
508 2372 677 2439 nupta
706 2361 919 2439 Druse,
958 2364 1103 2425 duos
1132 2366 1314 2424 virilis
1346 2384 1522 2425 sexus
1561 2362 1727 2423 simul
1752 2364 1922 2422 enixa
1953 2372 2060 2422 est.
2134 2362 2326 2441 quod*

277 2462 487 2504 „rarum
518 2445 844 2524 laetumque
875 2448 1043 2508 etiam
1069 2448 1310 2507 modicis
1338 2448 1640 2526 penatibus
1681 2456 1838 2506 tanto
1880 2447 2092 2523 gaudio
2135 2448 2286 2525 prin·
2391 2513 2400 2527 Ι

302 2529 490 2607 cipern
521 2530 754 2606 adfecit,
786 2540 845 2590 ut
874 2548 987 2589 non
1018 2534 1431 2609 temperaverit
1462 2532 1864 2609 quin‘iactaret
1887 2529 2037 2607 apud
2066 2538 2291 2607 patres,

256 2637 279 2675 5
300 2612 439 2671 nulli
474 2622 601 2671 ante
628 2614 1011 2674 Romanorum
1046 2614 1302 2673 eiusdem
1331 2614 1544 2690 fastigii
1571 2615 1698 2673 viro
1729 2615 2010 2690 geminam
2047 2614 2294 2691 stirpem

302 2695 540 2763 editam;
573 2715 699 2756 nam
731 2707 955 2772 cuncta,
992 2699 1160 2756 etiam
1188 2696 1442 2772 fortuita,
1477 2697 1547 2757 ad
1576 2698 1819 2774 gloriam
1841 2697 2126 2756 vertebat.
2182 2696 2293 2758 sed

300 2780 519 2857 populo
553 2780 651 2839 tali
680 2782 737 2839 in
766 2789 1029 2858 tempore
1058 2778 1115 2838 id
1148 2797 1378 2859 quoque
1413 2780 1672 2840 dolorem
1702 2780 1848 2856 tulit,
1870 2790 2162 2858 >tamquam
2191 2796 2288 2839 au·

302 2871 427 2921 ctus
456 2862 654 2922 liberis
685 2862 909 2923 Drusus
938 2864 1163 2923 domum
1196 2860 1516 2924 Germanici
1543 2866 1725 2941 magis
1757 2874 2051 2941 urgueret.

418 2946 517 3007 85.
564 2946 787 3006 Eodem·
821 2963 967 3005 anno
1015 2946 1290 3023 gravibus
1329 2958 1566 3008 senatus
1609 2948 1862 3007 decretis
1905 2947 2083 3007 libido
2121 2946 2290 3007 femi·

298 3048 493 3091 narum
526 3032 780 3090 coercita
812 3038 1185 3107 cautumque,
1223 3048 1296 3091 ne
1329 3039 1626 3111 quaestum
1655 3048 1909 3109 corpore
1939 3032 2168 3091 faceret
2199 3031 2292 3090 eni

299 3131 439 3173 avus
471 3123 565 3173 aut
594 3122 760 3191 pater
789 3122 883 3172 aut
912 3116 1145 3173 maritus
1193 3131 1376 3193 eques
1405 3114 1694 3175 Romanus
1733 3115 1960 3174 fuisset.
2018 3132 2149 3173 nam
2187 3114 2288 3173 vi·

214 3219 224 3229 ·
299 3197 446 3257 stilia
498 3197 789 3275 praetoria
832 3196 1042 3257 familia
1086 3200 1280 3275 genita
1322 3199 1609 3259 licentiam
1651 3201 1833 3277 stupri
1879 3198 2030 3277 apud
2061 3197 2288 3257 aediles

258 3297 281 3335 5
301 3279 657 3356 vulgaverat,
690 3297 851 3340 more
882 3282 1031 3340 inter
1060 3290 1297 3342 veteres
1325 3292 1602 3361 recepto,
1652 3284 1746 3360 qui
1791 3284 1929 3342 satis
1971 3298 2289 3360 poenarum

297 3362 597 3423 adversum
640 3363 935 3443 inpudicas
989 3366 1044 3423 in
1093 3365 1219 3443 ipsa
1275 3366 1646 3445 professione
1695 3365 1895 3443 flagitii
1949 3364 2284 3425 credebant.

298 3456 558 3507 exactum
592 3456 649 3506 et
689 3466 721 3507 a
751 3446 955 3508 Titidio
984 3447 1257 3523 Labeone
1287 3448 1548 3509 Vistiliae
1577 3450 1813 3525 marito,
1858 3466 1961 3507 cur
2004 3449 2060 3506 in
2101 3464 2287 3508 uxore
