2475 4000
666 163 879 219 LIBER
907 164 1047 211 m.
1085 164 1237 211 cAP.
1261 108 1527 217 ἕλη-138.
1978 153 2105 215 269

218 316 316 379 36.
368 315 463 377 Ne
506 317 817 377 Suetonius
872 318 1101 395 quidem
1160 320 1218 378 in
1274 327 1432 382 tanto
1489 316 1821 387 discrimine
1873 319 2103 380 silebat.

92 419 429 482 quamquam
474 402 793 463 confideret
833 402 1061 479 virtuti,
1104 411 1296 463 tamen
1334 403 1767 465 exhortationes
1800 414 1876 471 et,
1888 422 2105 486 preces

90 486 395 563 miscebat,
456 496 518 546 ut
559 495 907 565 spernerent
946 504 1211 558 sonores.
1235 486 1612 547 barbarorum
1656 498 1715 548 et
1757 491 1959 550 inanes
2002 491 2102 549 mi·

90 590 223 632 nas:
288 571 419 649 plus
469 570 592 631 illic
634 570 972 632 feminarum
1007 590 1175 651 quam
1218 574 1529 634 iuventutis
1572 574 1779 651 aspici.
1843 573 2095 635 inbelles

90 657 337 715 inermes
370 656 643 715 cess'uros
674 658 895 732 statim,
940 656 1037 716 ubi
1073 657 1291 717 ferrum
1317 658 1703 735 virtutemque
1748 658 2095 718 vincentium
2123 681 2148 719 5
2254 662 2258 667 ’

91 744 301 813 totiens
325 737 437 799 fusi
470 739 905 818 adgnovissent.
963 744 1134 801 etiam
1168 742 1227 801 in
1247 741 1450 801 multis
1482 739 1818 818 legionibus
1849 759 2093 819 paucos,

90 826 181 904 qui
214 824 443 904 proelia
476 824 888 903 profligarent3
932 824 1288 906 gloriaeque.
1311 844 1510 886 eorum
1542 842 1913 885 accessurum
1944 825 2112 903 quod‘

88 910 315 969 modica
344 926 543 969 manus
572 912 825 969 universi
856 913 1148 970 exereitus
1181 912 1389 971 famam
1424 910 1906 989 adipiscerentur.
1961 927 2098 970 con-

87 995 219 1053 ferti
259 1003 475 1053 tantum
518 1003 576 1053 et
604 994 737 1073 pilis
768 996 1025 1071 emissis,
1071 1005 1207 1074 post
1237 993 1582 1055 umbonibus
1612 1004 1672 1054 et
1699 992 1909 1072 gladiis
1953 1003 2101 1053 stra·

88 1096 217 1155 gem
279 1078 635 1157 caedemque
692 1082 1120 1156 continuarent,
1174 1080 1444 1183 praedae
1485 1081 1863 1140 inmemores:
1935 1087 2174 1159 partam

88 1165 332 1223 victoria
386 1172 592 1222 cuncta
640 1164 787 1242 ipsis
832 1181 1087 1223 cessura.
1153 1164 1203 1223 is
1247 1156 1444 1225 ardor
1459 1162 1641 1223 verba
1685 1165 1847 1224 ducis
1889 1180 2098 1242 seque·

88 1247 279 1324 batur,
327 1248 408 1307 ita
453 1265 519 1307 se
564 1246 636 1307 ad
681 1246 1065 1326 intorquenda
1104 1248 1223 1327 pila
1257 1248 1603 1327 expedierat
1632 1260 1799 1308 vetus
1834 1247 2002 1307 miles
2041 1256 2103 1306 et

87 1332 257 1392 multa
306 1331 665 1410 proeliorum
710 1333 1105 1410 experientia,
1152 1342 1213 1392 ut
1259 1340 1452 1394 certus
1499 1342 1740 1393 eventus
1787 1333 2098 1397 Suetonius

88 1416 248 1488 daret
281 1433 513 1495 pugnae
541 1418 787 1494 signum.

212 1503 319 1563 37.
357 1499 451 1559 Ac
480 1503 720 1580 primum
748 1500 910 1578 legio
941 1500 1127 1579 gradu
1154 1503 1369 1561 inmota
1412 1511 1474 1561 et
1496 1504 1802 1579 angustias
1834 1500 1951 1561 loci
1989 1508 2097 1580 pro

89 1589 437 1647 munimento
481 1587 788 1661 retinens,
820 1596 1127 1665 postquam
1155 1588 1212 1646 in
1246 1588 1490 1666 propius
1521 1603 1878 1664 suggressos
1902 1585 2101 1646 ‘hostis

88 1680 250 1731 certo
294 1672 449 1730 iactu
490 1670 608 1729 tela
652 1670 1027 1747 exhauserat,
1063 1671 1223 1731 velut
1265 1689 1452 1732 cuneo
1484 1673 1691 1750 erupit.
1757 1671 1909 1731 idem
1943 1670 2100 1730 auxi·

86 1755 309 1815 liarium
348 1755 629 1833 impetus3
689 1764 749 1814 et
790 1773 970 1834 eques
1021 1756 1306 1855 protentis
1353 1754 1537 1815 hastis
1586 1756 1894 1833 perfringit
1943 1752 2099 1833 quod

87 1839 317 1899 obvium
350 1846 408 1899 et
434 1838 684 1900 validum
714 1848 859 1899 erat.
919 1842 1101 1900 ceteri
1132 1849 1302 1916 terga
1326 1838 1677 1918 praebuere,
1709 1838 1930 1901 difficili
1956 1838 2096 1899 ιιῑῗιι-1
2122 1854 2148 1893 5

84 1926 206 2002 gio,
240 1924 374 2005 quia
404 1925 775 1985 circumiecta
807 1924 1077 1984 vehicula
1108 1931 1453 2002 saepserant
1483 1922 1690 1981 abitus.
1745 1931 1804 1980 et
1821 1918 1994 1981 miles
2024 1940 2098 1981 ne

82 2010 383 2070 mulierum
433 2010 661 2088 quidem
716 2011 847 2068 neci
892 2009 1288 2087 temperabat,
1353 2008 1698 2084 confixaque
1745 2005 1882 2065 telis
1929 2007 2100 2064 etiam

82 2095 335 2153 iumenta
370 2109 679 2171 corporum
712 2092 994 2153 cumulum
1028 2099 1330 2152 auxerant.
1369 2091 1528 2151 clara
1551 2101 1610 2150 et
1633 2090 1882 2190 antiquis
1913 2090 2096 2149 victo·

80 2177 187 2235 riis
220 2193 326 2252 par
357 2193 426 2234 ea
461 2176 557 2235 die
586 2177 711 2236 laus
741 2183 937 2255 parta:
969 2179 1189 2266 quippe
1218 2185 1350 2236 sunt
1378 2178 1475 2253 qui
1507 2175 1682 2254 paulo
1713 2179 1898 2234 minus
1927 2191 2097 2254 quam

84 2258 389 2334 octoginta
427 2260 583 2319 milia
622 2257 1041 2320 Britannorum
1063 2260 1352 2322 cecidisse
1384 2260 1644 2336 tradant,
1687 2258 1924 2321 militum
1959 2270 2171 2337 qua-1⁰

84 2344 407 2420 dringentis
458 2343 643 2403 ferme
702 2345 1025 2404 interfectis
1073 2364 1186 2405 nec
1239 2344 1419 2405 multo
1475 2345 1717 2423 amplius
1763 2343 2098 2404 vulneratis.

83 2427 380 2489 Boudicca
430 2428 603 2488 vitam
644 2446 873 2489 veneno
916 2430 1119 2490 linivit.
1178 2438 1239 2489 et
1279 2428 1528 2490 Poenius
1576 2429 1879 2489 Postumus
1931 2445 2098 2506 prae·

86 2514 277 2572 fectus
312 2520 629 2573 castrorum
660 2513 951 2574 secundae
990 2513 1276 2613 legionis,
1331 2517 1584 2591 cognitis
1627 2510 2098 2592 quartadecuma-

86 2614 289 2657 norum
318 2597 960 2677 vicensimanorumque
996 2601 1302 2680 prosperis
1339 2598 1545 2674 rebus,
1583 2599 1715 2676 quia
1747 2597 1874 2675 pari
1907 2593 2096 2672 gloria

86 2681 382 2759 legionem
418 2699 576 2742 suam
605 2682 976 2742 fraudaverat
1010 2683 1406 2761 abnueratque
1437 2691 1639 2779 contra
1668 2684 1834 2740 ritum
1856 2678 2094 2740 militiae
2122 2688 2170 2729 1⁵

68 2767 247 2837 ,iussa
284 2766 469 2842 ducis,
502 2785 567 2826 se
599 2767 727 2845 ipse
758 2767 958 2845 gladio
991 2769 1296 2845 transegit.

206 2849 307 2912 38.
373 2850 718 2912 Contractus
762 2851 973 2912 deinde
1015 2854 1197 2912 omnis
1240 2851 1536 2910 exercitus
1547 2819 1674 2909 sub
1713 2817 1966 2928 pellibus
1994 2847 2096 2906 ha·

90 2933 238 2995 bitus
272 2945 363 2995 est
406 2935 477 2995 ad
507 2935 730 3014 reliqua
760 2935 903 2996 belli
934 2937 1340 3015 perpetranda.
1401 2937 1674 3013 auxitque
1708 2935 1912 3012 copias
1949 2931 2098 2993 Cae·
2185 2932 2188 2941 '

92 3036 183 3077 sar
224 3021 415 3081 missis
452 3039 526 3080 ex
568 3019 870 3080 Germania
900 3021 1125 3082 duobus
1164 3021 1620 3098 legionariorum
1663 3017 1927 3091 milibus,
1959 3024 2098 3077 octo

94 3105 444 3165 auxiliarium
494 3105 830 3166 cohortibus
874 3123 945 3166 ac
984 3105 1141 3166 mille
1189 3104 1508 3183 equitibus,
1562 3121 1804 3183 quorum
1849 3101 2102 3162 adventu

88 3190 301 3250 nonani
341 3189 667 3266 legionario
696 3191 877 3250 milite
909 3189 1163 3269 suppleti
1196 3198 1346 3248 sunt.
1407 3188 1682 3249 cohortes
1713 3187 1962 3265 alaeque
1997 3201 2097 3243 no·
2125 3200 2150 3240 5

94 3272 181 3330 vis
222 3272 613 3334 hibernaculis
656 3275 917 3353 locatae,
973 3273 1241 3354 quodque
1301 3274 1591 3334 nationum
1633 3271 1959 3348 ambiguum
2003 3276 2102 3328 aut

100 3355 397 3419 adversum
426 3359 642 3436 suerat,
687 3360 807 3437 igni
849 3369 1019 3438 atque
1062 3359 1222 3419 ferro
1261 3367 1536 3418 vastatur.
1605 3357 1707 3418 sed
1738 3354 1877 3416 nihil
1911 3369 2101 3435 aeque

96 3455 263 3516 quam
292 3442 477 3504 fames
506 3405 819 3522 adfligebat
849 3443 1112 3504 serendis
1140 3442 1408 3520 frugibus
1447 3444 1810 3516 incuriosos,
1855 3447 1914 3499 et
1943 3437 2101 3499 omni
