2475 4000
373 210 490 275 108
659 266 676 279 ,
783 213 800 225 ’
893 214 1480 265 οοιιΝΕιιιΤΑ-οιτι
1502 214 1874 263 ANNALIUM

369 382 483 456 qu‘e
535 372 607 433 ad
665 372 1047 432 accusandum
1105 372 1350 433 delectis
1401 368 1788 449 responderet
1838 368 2002 428 solus
2061 379 2127 429 et
2177 372 2365 431 orandi

371 459 624 533 nescius,
661 457 898 535 proprio
929 458 986 515 in
1017 466 1201 532 metu,
1239 458 1333 535 qui
1368 455 1681 538 exercitam
1712 469 1945 531 quoque
1980 452 2365 533 eloquentiam

371 542 650 615 debilitat,
681 556 798 599 non
829 549 1186 618 temperante
1221 539 1456 599 Tiberio
1490 539 1621 616 quin
1654 546 1945 615 premeret
1988 555 2152 597 voce
2200 540 2362 617 vultu,

371 646 443 687 eo
478 623 632 703 quod
675 626 805 702 ipse
849 623 1201 683 creberrime
1250 621 1673 698 interrogabat,
1721 639 1909 699 neque
1950 622 2250 694 refellere
2286 634 2367 682 aut

301 732 352 771 ιο
373 710 609 771 eludere
641 706 899 784 dabatur,
933 725 1001 766 ac
1033 724 1213 784 saepe
1247 708 1417 766 etiam
1451 704 1836 765 confitendum
1865 714 2020 782 erat,
2056 724 2139 764 ne
2168 694 2365 767 flustra

371 794 776 873 quaesivisset.
837 792 1057 850 Servos
1087 807 1319 869 quoque
1354 789 1565 866 Silani,
1622 798 1683 848 ut
1713 790 2014 847 tormentis
2042 790 2363 867 interroga·

367 887 584 952 rentur,
623 884 787 935 actor
818 873 1083 953 publicus
1112 874 1398 952 mancipio
1430 881 1762 951 acceperat.
1824 882 1883 931 et
1912 891 1990 931 ne
2014 875 2155 951 quis
2178 894 2363 933 neces·

367 965 648 1022 sariorum
681 960 908 1018 iuvaret
937 957 1377 1036 periclitantem,
1408 957 1723 1017 maiestatis
1766 958 2001 1016 crimina
2048 957 2361 1017 subdeban-

367 1056 496 1121 tur,
533 1042 782 1103 vinclum
825 1051 884 1101 et
930 1043 1255 1101 necessitas
1310 1040 1535 1100 silendi.
1610 1042 1784 1116 igitur
1826 1042 2007 1118 petito
2054 1060 2363 1119 paucorum

301 1144 348 1183 15
376 1130 594 1189 dierum
621 1126 926 1185 interiectu
957 1126 1353 1185 defensionem
1386 1127 1471 1184 sui
1509 1124 1795 1201 deseruit,
1838 1125 1995 1197 ausis
2040 1125 2125 1185 ad
2168 1124 2361 1187 Caesa·

371 1231 493 1273 rem
525 1209 831 1284 codicillis,
867 1209 1072 1289 quibus
1099 1209 1365 1269 invidiam
1395 1218 1454 1269 et
1490 1226 1702 1289 preces
1735 1204 2068 1268 miscuerat.

495 1296 594 1357 68.
654 1293 918 1353 Tiberius
959 1311 1105 1371 quae
1145 1294 1202 1352 in
1247 1292 1497 1353 Silanum
1550 1291 1819 1373 parabat,
1870 1309 1985 1370 quo
2040 1292 2361 1352 excusatius

373 1379 477 1439 sub
509 1377 782 1457 exemplo
820 1378 1257 1455 acciperentur,
1302 1375 1538 1436 libellos
1582 1376 1697 1436 divi
1744 1376 1995 1453 Augusti
2036 1376 2119 1435 de
2147 1377 2358 1437 Voleso

368 1461 640 1523 Messalla
677 1459 932 1520 eiusdem
960 1460 1140 1521 Asiae
1182 1477 1293 1539 pro
1330 1460 1570 1520 consule
1598 1460 1924 1537 factumque
1962 1461 2021 1519 iu
2044 1479 2182 1521 eum
2210 1480 2359 1520 sena·

370 1556 460 1606 tus
513 1543 837 1604 consultum
889 1544 1118 1615 recitari
1166 1543 1343 1603 iubet.
1422 1554 1538 1604 tum
1590 1544 1653 1603 L.
1712 1544 1981 1603 Pisonem
2032 1549 2361 1605 sententiam

325 1656 349 1693 5
372 1638 562 1707 rogat.
642 1627 741 1687 ille
793 1626 1026 1686 multum
1067 1626 1139 1691 de
1181 1628 1485 1689 clementia
1536 1629 1813 1707 principis
1870 1628 2180 1706 praefatus
2232 1647 2359 1707 aqua

371 1724 542 1791 atque
573 1713 694 1788 igni
727 1710 926 1772 Silano
957 1710 1407 1783 interdicendum
1441 1714 1663 1772 censuit
1692 1713 1990 1791 ipsumque
2031 1714 2095 1771 in
2136 1714 2361 1773 insulam

371 1798 617 1871 Gyarum
647 1794 1041 1872 relegandum.
1108 1796 1309 1855 eadem
1345 1797 1557 1871 ceteri,
1602 1797 1711 1855 nisi
1763 1797 1914 1873 quod
1950 1794 2059 1856 Cn.
2102 1797 2360 1857 Lentulus
2461 1798 2462 1807 ’

371 1880 694 1959 separanda
725 1880 905 1939 Silani
940 1889 1194 1940 materna
1229 1880 1401 1957 bona,
1436 1881 1647 1958 quippe
1680 1888 1716 1949 ·1-
1744 1881 1855 1941 alia
1888 1890 2137 1959 parente
2173 1883 2357 1959 geniti,

367 1964 779 2044 reddendaque
813 1964 932 2026 lilio
974 1964 1138 2041 dixit,
1170 1964 1451 2026 adnuente
1485 1962 1737 2026 Tiberio.
1947 1975 1951 1979 ’
2002 1955 2012 1967 ’

489 2051 593 2112 69.
634 2050 712 2108 At
743 2049 1050 2109 Cornelius
1077 2048 1385 2110 Dolabella
1416 2048 1546 2108 dum
1588 2048 1971 2109 adulationem
2013 2050 2255 2127 longius
2286 2070 2361 2109 se·

368 2137 575 2216 quitur,
607 2134 907 2211 increpitis
939 2131 1005 2192 C.
1041 2132 1215 2193 Silani
1246 2133 1501 2193 moribus
1530 2133 1770 2208 addidit,
1816 2151 1889 2193 ne
1922 2134 2050 2212 quis
2082 2137 2205 2195 vita
2242 2153 2361 2214 pro-

369 2221 578 2278 brosus
611 2225 670 2275 et
698 2225 937 2294 opertus
967 2217 1196 2277 infamia
1227 2218 1581 2296 provinciam
1618 2219 1950 2294 sortiretur,
1994 2217 2173 2296 idque
2222 2221 2361 2298 priu—
2462 2215 2464 2224 '

373 2319 516 2379 ceps
549 2299 908 2360 diiudicaret.
975 2319 1103 2360 nam
1135 2319 1168 2361 a
1200 2300 1432 2376 legibus
1464 2301 1675 2361 delicta
1716 2302 1930 2379 puniri:
1982 2311 2197 2380 quanto
2242 2303 2363 2360 fore

321 2412 345 2449 5
371 2385 559 2445 mitius
589 2385 646 2443 in
676 2385 839 2463 ipsos
861 2431 877 2462 ,
913 2385 1117 2444 melius
1146 2386 1202 2442 in
1246 2386 1476 2462 socios,
1524 2384 1819 2464 provideri
1863 2403 1937 2444 ne
1982 2383 2361 2464 peccaretur?

371 2469 676 2531 adversum
721 2485 870 2547 quae
929 2467 1200 2526 disseruit
1246 2467 1494 2529 Cacsar:
1548 2486 1665 2529 non
1719 2466 1944 2546 quidem
2004 2469 2119 2530 sibi
2170 2471 2365 2546 ignara

372 2571 520 2633 quae
555 2552 626 2612 de
659 2552 853 2612 Silano
885 2549 1299 2628 vulgabantur,
1332 2553 1437 2612 sed
1466 2570 1579 2613 non
1612 2571 1689 2611 ex
1716 2570 1946 2612 rumore
1990 2553 2366 2632 statuendum.

368 2637 579 2697 multos
614 2638 670 2696 in
707 2637 1024 2715 provinciis
1058 2644 1258 2696 contra
1286 2655 1452 2716 quam
1492 2654 1631 2715 spes
1666 2645 1761 2696 aut
1787 2645 1973 2696 metus
2005 2635 2079 2696 de
2112 2638 2231 2697 illis
2253 2637 2366 2697 fue·

368 2723 442 2781 rit
473 2721 700 2797 egisse:
735 2719 973 2779 excitari
1008 2719 1285 2796 quosdam
1338 2722 1409 2781 ad
1451 2721 1691 2780 meliora
1732 2719 2119 2797 magnitudine
2160 2740 2369 2793 rerum,

301 2827 348 2867 ιο
369 2804 698 2865 hebescere
729 2803 894 2862 alios.
956 2819 1146 2880 neque
1179 2821 1356 2882 posse
1390 2805 1708 2884 principem
1746 2823 1848 2864 sua
1878 2805 2121 2888 scientia
2170 2814 2373 2865 cuncta

370 2889 718 2966 complecti,
790 2903 978 2964 neque
1031 2887 1309 2965 expedire
1358 2897 1417 2948 ut
1468 2889 1775 2950 ambitione
1840 2889 2028 2948 aliena
2096 2889 2373 2950 trahatur.

368 2974 500 3033 ideo
535 2971 704 3047 leges
733 2971 790 3028 in
821 2971 974 3029 facta
1009 2973 1299 3049 constitui,
1334 2975 1464 3051 quia
1496 2973 1682 3033 futura
1710 2975 1766 3032 in
1806 2974 2031 3054 incerto
2076 2975 2215 3033 sint.
2298 2975 2377 3032 sic

369 3075 400 3117 a
433 3053 747 3114 maioribus
777 3053 1109 3131 institutum,
1141 3064 1221 3133 ut,
1251 3057 1301 3116 si
1330 3058 1609 3117 antissent
1640 3057 1873 3132 delicta,
1905 3074 2135 3135 poenae
2162 3075 2377 3136 seque·

367 3149 582 3200 rentur.
647 3154 721 3195 ne
763 3143 1058 3197 verterent
1104 3143 1400 3219 sapienter
1442 3151 1677 3219 reperta
1730 3149 1789 3199 et
1842 3157 2075 3221 semper
2124 3141 2375 3221 placita:

301 3242 349 3282 15
369 3219 510 3284 satis
544 3238 781 3281 onerum
813 3221 1203 3301 principibus,
1256 3225 1395 3284 satis
1428 3225 1599 3285 etiam
1631 3225 1943 3303 potentiae.
2013 3225 2187 3284 minui
2236 3227 2379 3300 iura,

368 3306 634 3384 quotiens
664 3303 876 3380 gliscat
906 3315 1201 3385 potestas,
1247 3325 1359 3366 nec
1384 3309 1649 3368 utendum
1679 3310 1953 3387 imperio,
1996 3308 2096 3368 ubi
2140 3309 2383 3386 legibus

365 3391 463 3465 agi
497 3390 700 3472 possit.
773 3399 982 3468 quanto
1025 3392 1212 3451 rarior
1252 3391 1403 3470 apud
1446 3389 1735 3452 Tiberium
1778 3391 2167 3471 popularitas,
2212 3404 2381 3454 tanto

311 3519 322 3534 .
365 3469 702 3562 laetioribus
751 3469 951 3534 animis
997 3483 1261 3552 accepta.
1328 3483 1501 3552 atque
1554 3477 1654 3534 ille
1713 3474 1965 3554 prudens
2014 3476 2383 3554 moderandi,

2454 589 2457 673 ι
