2475 4000
388 195 506 262 184
872 199 1199 254 coansnn
1229 203 1464 252 mom
1482 169 1860 250 'sumnum

378 360 582 422 visset.
616 367 765 418 nece
790 358 1075 420 Vardanis
1098 357 1360 419 turbatae
1388 349 1722 418 Parthorum
1743 375 1842 416 res
1863 358 2015 416 inter
2045 355 2410 436 ambiguos,

377 445 507 526 quis
546 445 605 502 in
646 441 886 520 regnum
924 445 1307 523 acciperetur.
1367 441 1523 501 multi
1553 440 1624 500 ad
1667 441 1952 501 Gotarzen
1993 441 2410 520 inclinabant,

342 581 345 586 .
379 513 616 608 quidam'
636 526 708 586 ad
740 522 1115 598 Meherdaten
1142 524 1366 605 prolem
1388 525 1668 602 Phraatis,
1701 525 1928 585 obsidio
1952 523 2122 585 nobis
2149 525 2404 586 datum:

306 613 511 674 zodein
558 611 878 690 praevaluit
922 611 1219 671 Gotarzes.
1284 611 1614 690 potitusque
1652 610 1872 686 regiam
1916 626 2023 686 per
2051 611 2406 670 -saevitiam

379 714 448 756 ac
476 693 669 755 luxum
702 693 895 770 adegit
926 692 1169 754 Parth-os
1196 694 1426 753 mittere
1459 692 1530 751 ad
1565 692 1886 771 principem
1920 691 2252 752 Romanum
2286 711 2406 754 oc-

376 779 563 838 cultas
596 795 827 858 preces,
862 779 987 856 quis
1020 777 1268 856 permitti
1295 774 1670 835 Meherdaten
1698 779 1942 855 patrium
1973 776 2042 836 ad
2073 776 2402 854 fastigium

376 862 639 922 orabant.
1762 907 1770 928 .
2046 904 2052 910 -

319 949 326 956 “
505 945 602 1006 11.
636 943 825 1005 Isdem
858 943 1185 1004 consulibus
1216 943 1332 1003 ludi
1365 943 1699 1004 saeculares
1723 944 2214 1020 octingentesimo
2241 955 2404 1023 post

364 1031 613 1102 ,Romam
646 1028 950 1105 conditam,
981 1037 1185 1106 quarto
1218 1037 1277 1087 et
1305 1029 1908 1105 sexagensimo'quam
1927 1028 2230 1104 Augustus
2255 1029 2396 1088 edi-

375 1113 539 1174 derat
562 1112 811 1192 spectati
842 1121 990 1176 sunt.
1042 1113 1335 1190 utriusque
1363 1112 1640 1191 principis
1664 1113 1918 1171 rationes
1942 1114 2396 1190 praetermitto,

374 1199 513 1258 satis
560 1205 821 1257 narratas
861 1191 1024 1255 libris
1066 1196 1272 1274 quibus
1316 1213 1414 1256 res
1459 1196 1824 1275 imperatoris
1859 1195 2164 1255 Domiti-ani
2209 1214 2392 1256 com-

332 1278 565 1361 5posui.
625 1298 753 1340 nam
781 1281 831 1338 is
860 1297 1091 1358 quoque
1123 1279 1298 1339 edidit
1329 1278 1499 1341 ludos
1529 1278 1864 1339 saeculares
1886 1279 2070 1357 iisque
2091 1280 2390 1340 intentius

372 1365 529 1424 adfui
580 1362 911 1423 sacerdotio
944 1362 1438 1441 quindecimvirali
1479 1362 1774 1442 praeditus
1819 1381 1892 1422 ac
1932 1372 2062 1422 tunc
2103 1371 2384 1441 praetor.

371 1446 529 1526 quod
558 1463 671 1505 non
700 1441 969 1506 iactantia
997 1446 1227 1523 refero,
1261 1447 1365 1506 sed
1398 1449 1532 1526 quia
1562 1446 1818 1523 collegio
1854 1445 2388 1525 quindecimvirum

370 1529 676 1607 antiquitus
726 1547 796 1587 ea
838 1547 975 1588 cura
1020 1538 1078 1588 et
1120 1531 1488 1605 magistratus
1517 1531 1872 1610 potissimum
1900 1522 2385 1608 exsequebantur

372 1613 567 1674 officia
593 1613 1087 1672 caerimoniarum.
1132 1613 1374 1674 sedente
1399 1611 1638 1674 Claudio
1665 1614 2020 1674 circensibus
2040 1614 2215 1692 ludis,
2241 1633 2384 1676 cum

306 1721 357 1762 ιο
376 1698 538 1777 pueri
568 1694 795 1756 nobiles
826 1697 989 1774 equis
1016 1694 1296 1756 ludicrum
1327 1696 1535 1758 Troiae
1573 1698 2081 1776 inireutinterque
2111 1715 2220 1758 eos
2245 1699 2380 1758 Bri·

372 1781 631 1840 tannicus
658 1779 1012 1859 imperatore
1041 1782 1269 1857 genitus
1301 1788 1360 1838 et
1386 1779 1449 1839 L.
1477 1781 1761 1842 Domitius
1791 1781 2104 1861 adoptione
2145 1799 2292 1842 mox
2317 1784 2380 1843 in

370 1865 652 1944 inperium
708 1872 768 1923 et
822 1872 1266 1941 cognomentum
1306 1863 1557 1925 Neronis
1611 1864 1894 1941 adscitus,
1950 1866 2122 1926 favor
2173 1866 2378 1945 plebis

372 1949 564 2011 acrior
594 1950 651 2008 in
679 1947 986 2010 Domitium
1018 1947 1153 2009 loco
1185 1950 1476 2028 praesagii
1516 1957 1793 2028 acceptus
1824 1959 1932 2012 est.
1993 1949 2376 2027 vulgabatur-

370 2050 484 2112 que
510 2031 765 2094 adfuisse
793 2034 1065 2106 infantiae
1094 2035 1217 2093 eius
1249 2032 1544 2094 dracoues'
1569 2036 1626 2093 in
1654 2034 1881 2094 modum
1913 2034 2251 2112 custodum,
2283 2035 2374 2095 fa-

303 2136 351 2176 15
370 2116 575 2176 bulosa
616 2125 675 2176 et
715 2118 969 2177 externis
1001 2116 1290 2179 miraculis
1331 2116 1677 2179 adsimilata:
1719 2136 1848 2177 nam
1889 2118 2038 2196 ipse,
2073 2117 2372 2197 haudqua-

341 2198 537 2277 ‘quam
577 2200 663 2259 sui
682 2198 1019 2279 detractor,
1061 2219 1227 2263 uuam
1259 2202 1487 2261 omnino
1516 2219 1762 2279 anguem
1801 2202 1859 2261 in
1886 2201 2153 2262 cubiculo
2183 2204 2374 2263 visam

368 2280 602 2341 narrare
634 2279 840 2341 solitus
870 2292 978 2343 est.
1647 2292 1654 2298 ’
2087 2322 2096 2331 =

500 2362 594 2423 12.
631 2366 845 2425 Verum
878 2366 1169 2427 inclinatio
1204 2369 1406 2448 populi
1447 2377 1750 2448 supererat
1789 2388 1866 2428 ex
1903 2369 2174 2430 memoria
2217 2368 2366 2428 Ger-

366 2448 593 2525 manici,
627 2450 783 2508 cuius
813 2448 915 2508 illa
945 2449 1168 2529 reliqua
1198 2450 1436 2513 suboles
1467 2453 1675 2521 virilis;
1720 2460 1778 2511 et
1806 2454 1973 2513 matri
1999 2453 2364 2531 Agrippinae

364 2533 655 2593 miseratio
695 2531 1015 2609 augebatur
1056 2532 1133 2593 ob
1176 2538 1478 2595 saevitiam
1513 2536 1896 2614 Messalinae,
1942 2554 2090 2615 quae
2123 2553 2364 2614 semper

366 2617 575 2677 infesta
604 2624 663 2675 et
694 2624 827 2676 tunc
856 2618 1227 2693 commotior,
1274 2637 1387 2697 quo
1416 2622 1598 2680 minus
1629 2629 1878 2681 strueret
1911 2621 2139 2680 crimina
2165 2628 2226 2679 et
2257 2636 2363 2678 ac-

322 2709 701 2777 scusatores,
745 2717 900 2785 novo
932 2698 1005 2759 'et
1044 2699 1227 2762 furori
1247 2706 1522 2780 proximo
1553 2722 1748 2764 amore
1784 2703 2174 2763 distinebatur.
2229 2721 2368 2763 nam

364 2784 423 2843 in
444 2783 511 2844 C.
536 2784 757 2859 Silium,
789 2785 1095 2844 iuventutis
1116 2786 1412 2847 Romanae
1437 2788 1902 2866 pulcherrimum,
1931 2790 2012 2847 ita
2036 2796 2364 2861 exarserat,

363 2875 426 2927 ut
452 2865 669 2927 Iuniam
700 2866 969 2943 Silanum,
1000 2867 1256 2929 nobilem
1289 2869 1573 2949 feminam,
1605 2873 1964 2932 matrimonio
1995 2874 2120 2931 eius
2169 2880 2366 2931 extur-

364 2949 529 3011 baret
555 2966 861 3027 vacuoque
904 2950 1165 3011 adultero
1198 2961 1517 3031 poteretur.
1584 2973 1772 3033 neque
1807 2955 1982 3015 Silius
2019 2956 2226 3032 flagitii
2269 2962 2368 3014 aut

363 3033 608 3113 periculi
646 3034 877 3092 nescius
920 3043 1073 3095 erat:
1116 3035 1223 3096 sed
1269 3048 1464 3114 certo,
1509 3040 1556 3098 si
1597 3038 1894 3115 abnueret,
1941 3040 2120 3098 exitio
2157 3048 2218 3097 et
2247 3056 2368 3099 non

298 3135 349 3177 ιο
366 3118 521 3179 nulla
549 3114 787 3176 fallendi
826 3126 969 3196 spe',
1017 3120 1183 3179 simul
1220 3124 1444 3198 magnis
1477 3124 1768 3202 praemiis,
1801 3124 2036 3201 operire
2077 3123 2271 3183 futura
2307 3130 2370 3191 et

364 3199 765 3280 praesentibus
806 3199 919 3260 frui
965 3219 1077 3280 pro
1116 3204 1338 3265 solacio
1378 3205 1648 3267 habebat.
1705 3206 1811 3267 illa·
1843 3224 1960 3266 non
1999 3206 2226 3281 furtim,
2261 3204 2370 3265 sed

362 3286 539 3345 multo
592 3284 863 3344 comitatu
900 3288 1181 3348 ventitare
1217 3290 1476 3367 domum,
1529 3290 1869 3368 egressibus
1913 3282 2368 3365 adhaerescere,

361 3364 559 3444 largiri
588 3384 754 3446 opes,
784 3367 1057 3449 honoreS,
1088 3381 1419 3450 postremo,
1455 3374 1612 3434 velut
1639 3373 1914 3435 translata
1955 3375 2065 3435 iam
2103 3374 2368 3449 fortuna,

360 3453 514 3509 servi
548 3449 739 3509 liberti
773 3462 1004 3532 paratus
1040 3457 1320 3538 principis
1349 3456 1504 3536 apud
1537 3456 1857 3520 adulterum
1883 3456 2240 3519 visebantur.
