2475 4000
800 196 1008 242 unm
1031 197 1074 242 1.
1109 196 1259 242 CAP.
1291 195 1527 248 13—17.
2070 181 2141 242 11

168 350 268 410 bei
302 349 592 427 petivere,
635 356 698 406 ut
726 348 966 425 proprio
998 355 1220 424 sumptu
1260 348 1499 408 ederent
1538 351 1735 425 ludos,
1780 350 1878 429 φῆ
1922 349 1995 409 de
2044 365 2147 408 no-

173 431 324 492 mine
364 431 608 508 Augusti
649 430 817 490 fastis
864 430 1040 490 additi
1077 429 1431 506 Augustales
1468 443 1823 496 vocarentur.
1896 431 2002 492 sed
2044 433 2144 494 de·
2228 455 2237 462 ⁷

177 525 332 576 creta
360 514 604 592 pecunia
631 533 710 573 ex
741 514 1002 590 aera-rio,
1033 521 1208 590 utque
1241 530 1351 611 per
1390 515 1602 572 circum
1635 517 1953 593 triumphali
1978 525 2145 576 veste
2164 533 2215 574 ιο
2260 519 2273 532 “

177 607 496 658 uterentur:
529 615 697 657 curru
727 597 862 657 vehi
892 597 1040 658 haud
1075 597 1437 676 permissum.
1516 613 1650 655 mox
1690 598 2001 658 celebratio
2048 617 2143 660 an·

177 701 282 742 naa
313 681 388 741 ad
413 671 742 778 praetorem
773 680 1079 756 translata,
1114 681 1206 740 cui
1235 681 1387 740 inter
1413 680 1575 739 cives
1610 687 1671 738 et
1698 684 2032 756 peregrinos
2060 685 2143 742 iu·

174 757 428 826 risdictio
461 765 774 824 evenisset.
2118 809 2145 852 9

295 851 393 922 16.
441 846 548 907 Hic
587 865 776 907 rerum
825 847 1165 907 urbanarum
1203 855 1389 906 status
1422 855 1581 926 erat,
1630 863 1755 906 cum
1798 845 2146 906 Pannonicas

169 933 438 1010 legiones
467 931 676 991 seditio
703 933 960 1006 incessit,
989 930 1160 988 nullis
1187 932 1355 989 novis
1382 933 1607 1004 causis,
1652 931 1761 988 nisi
1798 929 1950 1007 quod
1978 939 2151 988 muta-

167 1028 260 1076 tus
297 1017 570 1094 princeps
601 1013 886 1074 licentiam
915 1014 1226 1073 turbarum·
1235 1022 1295 1072 et
1325 1031 1399 1072 ex
1428 1013 1584 1073 civili
1616 1013 1778 1072 bello
1804 1029 1967 1089 spem
1990 1029 2153 1089 prae-

167 1103 411 1159 miorum
445 1097 804 1158 ostendebat.
865 1098 1070 1157 castris
1099 1097 1335 1156 aestivis
1382 1107 1513 1185 tres
1543 1096 1708 1156 simul
1748 1096 2012 1172 legiones
2058 1096 2155 1155 ha-

164 1183 484 1258 bebantur,
510 1181 895 1259 praesidente
907 1180 1068 1240 Iunio
1097 1180 1343 1255 Blaes0,
1386 1170 1481 1257 qui
1529 1180 1641 1240 fine
1670 1179 1918 1256 Augusti
1958 1187 2016 1237 et
2056 1180 2155 1237 ini·
2175 1198 2199 1236 s

166 1269 262 1327 tiis
297 1265 510 1324 Tiberii
539 1265 746 1325 auditis
775 1263 852 1322 ob
885 1264 1155 1323 iustitium
1195 1271 1293 1327 aut
1330 1263 1596 1339 gaudium
1636 1264 2021 1324 intermiserat
2060 1279 2155 1321 so-

165 1351 270 1410 lita
298 1350 506 1408 munia.
563 1366 636 1407 eo
665 1347 949 1424 princip-io
984 1347 1252 1406 lascivire
1282 1347 1469 1420 miles,
1508 1347 1876 1421 discordare,
1922 1345 2157 1424 pessimi

169 1433 456 1508 cuiusque
483 1429 846 1488 sermonibus
867 1429 1153 1507 praebere
1178 1448 1367 1505 aures,
1402 1430 1647 1508 denique
1680 1431 1871 1490 luxum
1898 1438 1957 1488 et
1978 1431 2156 1489 otium

171 1531 425 1592 cupere,
467 1512 822 1590 disciplinam
871 1521 929 1570 et
967 1512 1222 1572 laborem
1268 1516 1585 1591 aspernari.
1662 1522 1786 1572 erat
1838 1515 1893 1571 in
1950 1515 2155 1573 castris

146 1595 528 1654 ¹Percennius
553 1595 798 1670 quidam,
823 1592 936 1653 dux
958 1593 1093 1653 olim
1116 1593 1471 1654 theatralium
1496 1613 1825 1672 operarum,
1861 1595 1991 1655 dein
2022 1614 2153 1672 gre·
2172 1616 2225 1668 ιο

167 1677 374 1754 garius
389 1674 585 1754 miles,
621 1692 839 1752 procax
869 1676 1062 1750 lingua
1093 1682 1152 1732 et
1178 1675 1424 1734 miscere
1456 1686 1659 1735 coetus
1688 1677 2009 1736 histrionali
2036 1688 2153 1737 stu-

169 1762 268 1820 dio
302 1759 525 1818 doctuS.
580 1760 628 1818 is
659 1759 935 1835 inperitos
983 1758 1200 1816 animos
1248 1768 1305 1817 et
1346 1776 1623 1836 quaenam
1659 1769 1795 1835 post
1834 1759 2155 1834 Augustum

167 1843 402 1902 militiae
427 1841 688 1901 condicio
713 1841 1072 1917 ambigentes
1097 1841 1382 1918 inpellere
1405 1841 1677 1918 paulatim
1699 1843 1993 1898 nocturnis
2018 1859 2153 1900 con-

134 1924 138 1936 '
168 1927 381 2005 loquiis
412 1935 506 1986 aut
547 1925 706 1988 flexo
746 1926 803 1984 in
842 1926 1159 2003 vesperam'
1183 1923 1277 1982 die
1323 1923 1663 2000 etrdilapsis
1690 1922 2025 1980 melioribus
2058 1925 2154 1982 de-

167 2012 462 2085 terrimum
493 2027 780 2087 quemque
811 2025 1193 2085 congregare.
2178 2024 2225 2063 15

300 2094 400 2153 17.
444 2092 746 2151 Postremo
787 2092 1069 2169 promptis
1109 2090 1216 2148 iam
1250 2097 1321 2157 ,et
1365 2088 1491 2147 aliis
1544 2088 1843 2147 seditionis
1890 2088 2156 2147 ministris

168 2178 336 2235 velut
371 2174 864 2235 contionabundus
896 2172 1313 2248 interrogabat,
1346 2190 1449 2231 cur
1476 2174 1675 2251 paucis
1708 2170 2155 2247 centurionibus,

173 2256 550 2339 paucioribus
577 2256 859 2315 tribunis·
843 2274 899 2315 ιιι
929 2256 1156 2314 modum
1185 2272 1485 2315 servorum
1516 2256 1880 2319 oboedirent.
1930 2255 2155 2335 quando

172 2355 424 2402 ausuros
461 2356 788 2416 exposcere
819 2327 1110 2413 remedia,
1145 2339 1256 2396 nisi
1298 2356 1503 2399 novum
1543 2350 1603 2399 et
1648 2349 1934 2400 nutantem
1970 2339 2158 2399 adhuc

174 2424 504 2524 principem
549 2421 818 2499 precibus
864 2422 961 2481 vel
1007 2423 1176 2481 arinis
1215 2420 1477 2482 adirent?
1522 2423 1657 2482 satis
1702 2440 1807 2500 per
1846 2432 1932 2480 tot
1980 2438 2204 2484 annoss

173 2506 408 2585 ignavia
439 2512 759 2584 peccatum,
794 2506 945 2584 quod
977 2508 1193 2565 tricena
1222 2515 1318 2564 aut
1346 2506 1711 2583 quadragena
1740 2504 2025 2583 stipendia
2066 2523 2155 2563 se·

174 2609 288 2651 nes
316 2597 375 2649 et
405 2589 672 2668 plerique
700 2597 958 2649 truncato
991 2608 1066 2649 ex
1092 2587 1427 2650 vulneribus
1467 2605 1717 2667 corpore
1758 2588 2026 2647 tolerent.
2087 2606 2157 2646 ne

173 2673 426 2737 dimissis
455 2672 684 2749 quidem
713 2672 878 2731 finem
909 2690 1041 2731 esse
1074 2674 1340 2748 militiae,
1384 2671 1487 2731 sed
1530 2672 1679 2751 apud
1722 2672 1995 2731 vexillum
2038 2681 2159 2731 ten·
2217 2685 2229 2691 ‘

175 2758 386 2817 dentes
413 2756 527 2817 alio
560 2754 847 2815 vocabulo
877 2756 1114 2815 eosdem
1143 2755 1379 2816 labores
1406 2757 1690 2835 perferre.
1742 2775 1811 2815 ac
1832 2757 1891 2835 si
1922 2757 2047 2833 quis
2077 2764 2163 2815 tot

177 2858 352 2901 casus
379 2841 494 2899 vita
525 2840 910 2919 superaverit,
939 2839 1083 2898 trahi
1113 2840 1300 2900 adhuc
1330 2840 1589 2901 diversas
1612 2840 1896 2915 interras,
1930 2839 2028 2898 ubi
2054 2856 2163 2917 per
2180 2858 2229 2899 10

175 2942 388 2984 nomen
423 2941 690 3000 agrorum
725 2923 974 3000 uligines
1001 2922 1268 3000 paludum
1307 2923 1404 2983 vel
1450 2924 1659 2985 inculta
1700 2925 1971 2983 montium
2010 2923 2139 2981 acci

178 3011 356 3107 piant.
421 3008 718 3067 enimvero
747 3007 1000 3066 militiam
1031 3008 1210 3085 ipsam
1241 3026 1495 3084 gravem,
1524 3008 1965 3069 infructuosam:
2000 3006 2163 3065 denis

181 3093 240 3151 in
269 3091 420 3150 diem
449 3092 674 3151 assibus
709 3086 952 3151 animam
979 3099 1038 3149 et
1067 3106 1281 3167 corpus
1310 3092 1630 3152 aestimari:
1660 3092 1793 3151 hinc
1820 3100 2045 3150 vestem
2063 3096 2160 3147 ar-

182 3192 271 3234 ma
302 3175 569 3250 tentoria,
601 3175 734 3235 hinc
764 3175 1058 3234 saevitiam
1088 3175 1477 3233 centurionum
1507 3183 1565 3233 et
1607 3176 1941 3234 vacationes
1968 3190 2161 3232 mune-

183 3275 305 3317 rum
335 3258 552 3317 redimi.
619 3267 678 3317 at
706 3258 946 3319 hercule
972 3256 1222 3320 verbera
1254 3266 1313 3316 et
1339 3258 1578 3317 vulne-ra
1599 3302 1618 3333 ,⁴
1663 3258 1857 3317 duram
1896 3258 2159 3334 hiemem,
2181 3272 2250 3320 ιε’

185 3342 472 3405 exercitas
502 3350 787 3418 aestates,
815 3342 1028 3403 bellum
1071 3351 1237 3401 atrox
1278 3349 1373 3399 aut
1414 3342 1671 3401 sterilem
1708 3360 1910 3420 pacem
1956 3342 2161 3418 sempi-

183 3433 364 3483 terna.
421 3428 533 3484 ne'c
566 3425 718 3485 aliud
749 3426 1124 3492 levamentum
1157 3442 1323 3503 quam
1352 3424 1411 3487 si,
1432 3426 1605 3487 certis
1639 3424 1749 3486 sub
1770 3425 1997 3502 legibus
2017 3425 2162 3486 mili-

253 3598 282 3621 S
