2475 4000
663 191 875 238 LIBER
896 193 1048 238 xm.
1085 191 1235 239 CAP.
1261 191 1501 245 29—34.
1961 181 2089 244 239

87 348 186 427 qui
210 352 554 407 testamento
584 361 751 405 manu
772 346 932 405 missi
965 345 1070 404 sub
1100 344 1310 404 eodem
1342 354 1495 406 tecto
1526 350 1901 426 mansissent,
1938 349 2087 408 inter

83 446 293 492 servos
348 428 634 508 supplicia
690 428 1029 506 penderent.
1109 429 1367 489 redditur
1427 431 1610 490 ordini
1652 432 1851 495 Lurius
1895 435 2087 493 Varus

85 512 440 588 consularis,
471 513 746 573 avaritiae
777 513 1104 574 criminibus
1133 513 1271 574 olim
1301 515 1624 593 perculsus.
1687 525 1745 575 et
1766 516 2085 596 Pomponia
2105 538 2131 578 5

85 598 369 660 Graecina
402 594 645 674 insignis
674 597 887 659 femina
906 643 924 675 ,
961 597 1216 674 Plautio,
1255 601 1351 678 qui
1386 615 1567 658 ovans
1598 618 1665 662 se
1694 597 1769 658 de
1799 599 2083 660 Britannis

80 681 333 759 rettulit,
379 689 556 779 nupta
595 699 667 742 ac
701 683 1128 780 superstitionis
1171 692 1446 744 externae
1474 701 1611 762 rea,
1652 675 1838 743 mari-ti
1872 683 2083 744 iudicio

85 767 386 847 permissa.
463 767 630 843 isque
663 767 862 843 prisco
898 767 1152 826 instituto
1183 768 1544 867 propinquis
1562 785 1760 828 coram
1790 766 1863 826 de
1894 770 2085 847 capite

79 853 344 928 famaque
378 850 646 926 coniugis
673 852 955 926 cognovit
987 859 1046 909 et
1070 851 1359 911 insontem
1387 853 1685 912 nuntiavit.
1747 850 1923 928 longa
1952 851 2087 910 huie

81 935 438 1012 Pomponiae
477 943 649 993 aetas.
677 942 737 993 et
767 935 1040 994 continua
1082 936 1311 996 tristitia
1344 935 1467 995 fuit.
1553 953 1683 996 nam
1714 944 1857 1014 post
1878 934 2079 994 Iuliam
2099 951 2148 991 ιο
2193 975 2199 986 .

77 1019 251 1079 Drusi
275 1017 446 1077 filiam
467 1017 602 1078 dolo
623 1017 967 1078 Messalinae
988 1019 1351 1079 interfectam
1373 1037 1481 1098 per
1500 1020 1879 1098 quadraginta
1902 1035 2084 1078 annos

81 1120 202 1163 non
231 1101 384 1161 cultu
412 1101 524 1160 nisi
554 1100 813 1178 lugubri,
851 1119 970 1162 non
1001 1104 1184 1162 animo
1220 1105 1331 1164 nisi
1364 1113 1587 1164 maesto
1616 1105 1765 1181 egit;
1796 1103 1971 1181 idque
2002 1103 2086 1162 illi
2170 1096 2177 1108 ’

81 1186 448 1265 imperitante
485 1184 728 1245 Claudio
759 1187 1006 1264 inpune,
1038 1203 1174 1246 mox
1206 1187 1281 1246 ad
1311 1187 1558 1264 gloriam
1586 1189 1779 1248 vertit.

205 1270 305 1333 33.
344 1269 503 1329 Idem
533 1287 713 1330 annus
755 1269 954 1348 plures
993 1287 1132 1330 reos
1163 1270 1395 1349 habuit,
1441 1287 1683 1349 quorum
1713 1271 1777 1332 P.
1816 1267 2085 1331 Celerem

77 1361 394 1416 accusante
423 1353 600 1430 Asia,
634 1354 766 1431 quia
793 1353 1106 1414 absolvere
1134 1353 1409 1435 nequibat
1449 1353 1699 1434 Caesar,
1743 1357 1947 1431 traxit,
1990 1371 2084 1414 se-

73 1448 253 1500 necta
283 1438 476 1498 donec
501 1446 744 1498 mortem
773 1437 993 1508 obiret;
1031 1457 1160 1499 nam
1197 1436 1375 1499 Celer
1402 1440 1747 1518 interfecto,
1780 1448 1840 1499 nt
1868 1455 2085 1500 memo·
2139 1484 2147 1502 .

73 1524 236 1600 ravi,
277 1523 476 1582 Silano
513 1540 620 1600 pro
659 1523 899 1582 consule
927 1523 1317 1600 magnitudine
1352 1524 1599 1585 sceleris
1634 1534 1830 1584 cetera
1865 1523 2085 1600 flagitia

75 1606 418 1685 obtegebat.
490 1603 888 1667 Cossutianum
919 1605 1259 1686 Capitonem
1292 1606 1507 1668 Cilices
1540 1609 1865 1670 detulerant
1890 1623 2079 1666 macu-
2105 1624 2131 1664 ⁵
2211 1675 2213 1677 ,

71 1693 270 1754 losum
311 1689 661 1769 foedumque
703 1700 764 1750 et
811 1691 960 1752 idem
1001 1693 1088 1752 ius
1133 1693 1410 1754 audaciae
1457 1694 1516 1751 in
1558 1693 1859 1771 provincia
1901 1701 2082 1751 ratum

73 1776 238 1856 quod
266 1776 322 1836 in
351 1775 496 1835 urbe
521 1785 891 1847 exercuerat3
924 1775 1028 1836 sed
1058 1779 1355 1855 pervicaci
1386 1778 1759 1837 accusatione
1788 1775 2083 1836 conflicta·

67 1871 170 1922 tus
203 1868 503 1938 postremo
533 1859 932 1920 defensionem
961 1863 1150 1920 omisit
1186 1879 1258 1926 ac
1291 1861 1428 1937 lege
1459 1859 2082 1936 repetundarumdam-
2155 1887 2164 1894 ,⁴

65 1952 245 2007 natus
278 1953 386 2005 est.
449 1961 556 2024 pro
589 1943 774 2023 Eprio
801 1945 1120 2022 Marcello,
1141 1947 1144 1956 '
1169 1962 1202 2005 a
1235 1961 1349 2023 quo
1380 1943 1543 2017 Lycii
1578 1959 1677 2002 res
1712 1942 2083 2023 repetebant,

65 2049 148 2091 eo
183 2046 366 2106 usque
396 2028 636 2089 ambitus
664 2029 1005 2107 praevaluit,
1032 2038 1093 2088 ut
1119 2028 1349 2107 quidam
1378 2036 1781 2087 accusatorum
1808 2028 1935 2086 eius
1965 2028 2082 2087 exi·
2104 2040 2153 2082 ιο

63 2116 155 2177 lio
193 2111 592 2189 multarentur,
627 2120 912 2190 tamquam
941 2114 1152 2172 insonti
1182 2111 1503 2191 periculum
1531 2111 1830 2171 fecissent.

207 2195 309 2256 34.
354 2194 592 2255 Nerone
633 2198 862 2255 tertium
907 2196 1148 2256 consule
1189 2196 1358 2255 simul
1402 2196 1525 2255 iniit
1568 2196 1923 2257 consulatum
1968 2198 2083 2257 Va·

59 2279 262 2345 letius
300 2277 610 2355 Messalla,
655 2280 815 2338 cuius
863 2296 1172 2358 proavum,
1220 2288 1511 2339 oratorem
1556 2276 1902 2359 Corvinum,
1950 2280 2083 2341 divo

63 2366 383 2461 Augusto,
425 2360 614 2422 abavo
642 2361 930 2440 Neronis,
977 2363 1268 2441 collegam
1310 2365 1368 2423 in
1412 2380 1484 2423 eo
1526 2366 1867 2441 magistratu
1901 2367 2087 2425 fuisse

65 2447 253 2531 pauci
273 2448 386 2507 iam
407 2464 606 2505 senum
627 2448 1020 2507 meminerant.
1070 2449 1175 2509 sed
1196 2447 1381 2509 nobili
1399 2448 1653 2509 familiae
1675 2449 1861 2509 honor
1884 2457 2085 2508 auctus

69 2541 172 2594 est
205 2530 462 2591 oblatis·
444 2549 501 2590 ιιι
531 2530 796 2607 singulos
819 2548 1001 2591 annos
1025 2535 1331 2610 quingenis
1356 2534 1665 2608 sestertiis,
1701 2532 1907 2610 quibus
1930 2532 2081 2592 Mes·
2106 2544 2132 2584 ⁵

69 2614 224 2678 salla
257 2622 656 2695 paupertatem
683 2616 972 2676 innoxiam
1001 2625 1367 2677 sustentaret.
1418 2616 1662 2678 Aurelio
1691 2634 1923 2695 quoque
1950 2612 2084 2675 Cot·
2163 2618 2170 2631 ⁶

67 2713 178 2762 tae
219 2708 281 2759 et
307 2698 548 2761 Haterio
579 2699 872 2759 Antonino
914 2718 1153 2761 annuam
1190 2702 1497 2780 pecuniam
1544 2702 1740 2760 statuit
1788 2701 2085 2781 princeps,

71 2786 343 2865 quamvis
375 2802 484 2864 per
511 2783 706 2844 luxum
731 2785 914 2845 avitas
945 2802 1094 2863 opes
1124 2786 1525 2865 dissipassent.

209 2866 350 2929 Eius
405 2870 536 2929 anni
601 2869 885 2947 principio
936 2869 1208 2929 mollibus
1270 2869 1459 2930 adbuc
1509 2870 1687 2929 initiis
1737 2869 2087 2957 prolatatum

68 2958 232 3015 inter
285 2952 530 3014 Parthos
577 2952 992 3032 Romanosque
1054 2952 1130 3015 de
1185 2952 1498 3015 obtinenda
1539 2942 1826 3014 Armenia
1868 2952 2083 3013 bellum
2104 2972 2155 3013 ιο

71 3039 296 3099 acriter
335 3040 602 3115 sumitur,
645 3039 775 3137 quia
818 3054 932 3097 nec
960 3038 1299 3115 Vologeses
1340 3036 1567 3098 sinebat
1600 3039 1838 3098 fratrem
1870 3036 2085 3097 Tirida·
2149 3066 2156 3081 ·

70 3134 179 3183 ten
225 3120 341 3182 dati
380 3141 414 3183 a
463 3140 528 3183 se
569 3123 737 3199 regni
783 3130 1088 3201 expertem
1113 3140 1261 3182 esse
1308 3131 1403 3182 aut
1444 3121 1668 3181 alienae
1700 3121 1760 3182 id
1789 3123 2087 3199 potentiae

75 3208 296 3267 donum
338 3205 558 3267 habere
575 3253 593 3285 ,
638 3215 698 3266 et
727 3203 986 3267 Corbulo
1033 3206 1267 3285 dignum
1306 3205 1693 3283 magnitudine
1727 3205 1932 3284 populi
1968 3206 2106 3271 Ro<

72 3292 234 3351 mani
263 3291 500 3351 rebatur
535 3300 698 3372 parta
731 3292 864 3351 olim
895 3309 928 3351 a
961 3291 1202 3353 Lucullo
1231 3291 1631 3370 Pompeioque
1658 3291 1949 3369 recipere.
2016 3287 2089 3348 ad

71 3376 198 3435 hoc
250 3375 508 3437 Armenii
570 3376 838 3453 ambigua
887 3374 1000 3435 fide
1052 3385 1295 3455 utraque
1356 3392 1514 3436 arma
1565 3372 1912 3452 invitabant,
1979 3376 2089 3434 situ
2108 3390 2157 3431 ιε

75 3469 396 3538 terrarum,
439 3460 800 3521 similitudine
837 3476 1058 3522 morum
1082 3460 1309 3522 Parthis
1353 3461 1665 3540 propiores
1708 3458 2090 3539 conubiisque
