2475 4000
350 196 472 260 194
878 203 1210 254 coenan
1247 205 1484 254 mom
1519 205 1886 254 ANNALmM

346 364 497 422 iuxta
538 361 671 420 levi.
750 376 895 438 ergo
941 359 1282 437 Narcissus,
1327 359 1642 440 adsumptis
1685 360 1888 438 quibus
1937 359 2088 420 idem
2127 369 2380 438 metus,

343 463 457 506 non
491 445 660 505 aliam
690 461 855 524 spem
887 443 1294 505 incolumitatis
1329 443 1596 504 Caesaris
1627 443 1910 520 adfirmat,
1959 461 2128 522 quam
2158 446 2214 505 si
2255 447 2378 506 ius

298 555 323 594 5
342 528 578 588 militum
606 545 719 588 uno
738 527 850 588 'illo
883 526 978 587 die
1008 529 1065 587 in
1093 528 1344 606 aliquem
1373 528 1709 588 libertorum
1736 527 2102 605 transferret,
2151 547 2372 608 seque

312 623 325 632 '
345 613 516 689 offert
546 621 964 691 suscepturum.
1020 628 1095 671 ac.
1118 630 1212 689 ne,
1248 612 1378 672 dum
1409 614 1465 671 in
1497 611 1698 696 urbem
1726 610 2050 690 revehitur,
2086 612 2162 672 ad
2199 631 2366 691 pae-

342 698 630 766 nitentiam
660 714 693 756 a
721 694 782 755 L.
813 694 1051 756 Vitellio
1084 705 1143 755 et
1170 696 1368 774 Largo¹
1395 695 1645 756 Caecina
1673 704 2004 773 mutaretur,
2033 693 2092 755 i‘n
2121 697 2365 758 eodem

341 782 659 859 gestamine
691 779 889 840 sedem
922 780 1113 856 poscit
1142 783 1446 858 sumitque.
1873 838 1905 862 ,ι

458 865 559 926 34.
606 862 827 927 Crebra
862 862 1169 941 posthaec
1204 863 1355 924 fama
1388 864 1524 942 fuit,
1571 864 1720 923 inter
1749 862 2012 923 diversas
2048 864 2356 943 principis

340 967 555 1026 voces,
588 967 714 1008 cum
741 946 911 1006 modo
940 948 1234 1007 incusaret
1265 949 1482 1025 flagitia
1510 949 1740 1024 uxoris,
1775 947 2078 1026 aliquando
2109 947 2185 1008 ad
2213 966 2358 1008 me·

338 1035 575 1095 moriam
622 1032 873 1107 coniugii
930 1039 988 1089 et
1022 1031 1318 1092 infantium
1357 1031 1669 1092 liberorum
1707 1031 2144 1108 revolveretur,
2215 1049 2362 1092 non

340 1118 493 1182 aliud
533 1117 897 1198 prolocutum
941 1114 1234 1177 Vitellium
1284 1133 1451 1194 quam
1490 1118 1560 1175 ‘o
1590 1114 1839 1176 facinus!
1881 1121 1922 1175 'o
1952 1113 2217 1175 scelusl’
2251 1119 2353 1175 in-

293 1230 321 1272 a
342 1203 529 1264 stabat
563 1201 791 1281 quidem
822 1198 1131 1260 Narcissus
1164 1201 1394 1279 aperire
1424 1199 1700 1276 ambages
1743 1207 1801 1258 et
1830 1199 1957 1259 veri
1987 1201 2212 1278 copiam
2245 1200 2350 1258 fa·

340 1305 506 1348 cere:
546 1285 651 1345 sed
678 1303 796 1345 non
823 1283 955 1344 ideo
988 1286 1256 1363 pervicit,
1289 1285 1424 1362 quin
1449 1300 1732 1362 suspensa
1754 1291 1814 1343 et
1842 1301 1956 1370 quo
1982 1283 2346 1342 ducerentur

338 1371 673 1430 inclinatura
707 1367 1091 1446 responderet
1124 1367 1512 1446 exemploque
1541 1368 1665 1427 eius
1686 1367 1909 1444 Largus
1934 1364 2178 1427 Caecina
2199 1375 2342 1426 ute-

212 1499 226 1518 .
337 1462 513 1514 retur.
566 1461 625 1512 et
654 1454 765 1511 iam
794 1458 917 1510 erat
943 1452 1001 1511 in
1033 1461 1276 1532 aspectu
1297 1451 1608 1512 Messalina
1635 1450 2074 1529 clamitabatque
2099 1450 2354 1512 audiret

338 1536 613 1613 Octaviae
654 1544 714 1594 et
752 1533 1064 1594 Britannici
1102 1543 1375 1612 matrem,
1421 1553 1546 1596 cum
1590 1534 1958 1613 obstreperet
1995 1543 2346 1611 accusator,

272 1643 322 1683 ιο
340 1620 538 1691 Silium
568 1627 626 1678 et
650 1619 877 1698 nuptias
904 1618 1198 1686 referens;
1249 1619 1415 1679 simul
1448 1618 1754 1680 codicillos
1782 1618 2074 1678 libidinum
2104 1619 2352 1678 indices

335 1702 578 1779 tradidit,
612 1703 739 1780 quis
761 1702 918 1761 visus
948 1699 1218 1762 Caesaris
1239 1712 1551 1763 averteret.
1601 1721 1714 1764 nec
1745 1703 1920 1763 multo
1952 1710 2086 1780 post
2125 1701 2346 1762 urbem

334 1787 681 1865 ingredienti
712 1785 1099 1846 offerebantur
1132 1803 1462 1846 communes
1483 1786 1676 1864 liberi,
1705 1787 1814 1847 nisi
1833 1786 2144 1847 Narcissus
2171 1803 2344 1846 amo·

334 1871 461 1932 veri
508 1889 613 1932 eos
654 1863 955 1931 iussissetl*
984 1870 1270 1932 Vibidiam
1300 1869 1604 1950 depellere
1645 1873 1930 1950 nequivit,
1973 1870 2110 1949 quin
2151 1870 2346 1930 multa

337 1974 462 2018 cum
508 1955 717 2016 invidia
755 1955 1070 2034 flagitaret,
1114 1973 1189 2016 ne
1226 1955 1529 2033 indefensa
1571 1958 1820 2016 coniunx
1859 1955 2037 2015 exitio
2070 1953 2346 2015 daretur.

268 2067 319 2108 ιε
332 2039 504 2121 igitur
542 2039 859 2101 auditurum
899 2043 1223 2121 principem
1268 2050 1326 2101 et
1364 2040 1494 2101 fore
1523 2040 1772 2101 diluendi
1805 2040 2054 2099 criminis
2083 2039 2340 2100 faculta-

333 2136 449 2188 tem
472 2106 800 2204 respondit:
831 2125 944 2184 iret
969 2128 1197 2187 interim
1229 2126 1398 2203 virgo
1433 2134 1490 2185 et
1519 2142 1686 2185 sacra
1715 2133 2074 2203 capesseret.

462 2210 565 2270 35.
597 2208 799 2268 Mirum
825 2208 974 2289 inter
999 2210 1149 2271 baec
1188 2210 1476 2270 silentium
1504 2207 1760 2286 Claudii,
1803 2206 2074 2269 Vitellius
2112 2209 2338 2285 ignaro

334 2293 608 2373 propior:
642 2293 831 2351 omnia
854 2289 1065 2353 liberto
1090 2293 1493 2355 oboediebant.
1540 2294 1802 2372 patelieri
1821 2292 2054 2353 ‘domum
2081 2292 2334 2353 adulteri

334 2384 505 2454 atque
557 2374 695 2435 illuc
738 2374 945 2435 deduci
984 2378 1391 2456 imperatorem
1429 2376 1604 2437 iubet.
1667 2396 1738 2437 ac
1776 2379 2018 2456 primum
2055 2379 2114 2435 in
2145 2378 2326 2437 vesti-

334 2459 469 2520 bulo
513 2460 768 2537 effigiem
809 2462 985 2539 patris
1026 2460 1151 2519 Silii
1192 2461 1476 2522 consulto·
1499 2469 1732 2522 senatus
1773 2460 2046 2521 abolitam
2085 2459 2320 2520 denon-

289 2570 313 2610 5
337 2552 507 2621 strat,
548 2552 665 2604 tum
709 2542 983 2622 quidquid
1023 2545 1231 2605 avitum
1263 2545 1590 2606 Neronibus
1629 2554 1688 2604 et
1726 2544 1932 2605 Drusis
1975 2546 2034 2603 in
2073 2544 2322 2622 pretium

336 2628 532 2708 probri
578 2630 852 2688 cessisse.
912 2629 1324 2706 incensumque
1363 2638 1422 2688 et
1461 2628 1532 2690 ad
1570 2630 1750 2689 minas
1789 2635 2174 2709 erumpentem
2221 2644 2322 2687 ca-

334 2714 471 2772 stris
497 2712 689 2788 infert,
721 2720 921 2791 parata
953 2714 1223 2772 contione
1255 2712 1516 2782 militum;
1547 2712 1874 2791 apudquos
1905 2719 2326 2791 praemonente

332 2796 608 2856 Narcisso
639 2813 824 2873 pauca
860 2794 1035 2855 verba
1063 2790 1234 2855 fecit:
1277 2814 1407 2857 nam
1453 2799 1562 2857 etsi
1601 2798 1804 2867 iustum
1837 2796 2100 2857 dolorem
2131 2794 2328 2873 pudor

331 2877 718 2958 impediebat:
770 2880 1070 2939 continuus
1105 2879 1314 2940 dehinc
1345 2880 1664 2943 cohortium
1695 2882 1912 2941 clamor
1933 2882 2162 2940 nomina
2186 2898 2326 2940 reo·
2395 2899 2403 2908 ·

264 2988 314 3029 10
335 2982 459 3024 rum
500 2972 559 3023 et
598 2970 819 3041 poenas
856 2963 1259 3039 flagitantium;
1301 2964 1674 3044 admotusque
1704 2965 1876 3025 Silius
1901 2963 2174 3024 tribunali
2203 2981 2346 3023 non-

333 3048 755 3125 defensionem,
794 3064 911 3106 non
950 3064 1141 3107 moras
1182 3051 1512 3128 temptavit⁸,
1558 3057 1829 3129 precatus
1867 3057 1928 3107 ut
1958 3065 2118 3109 mors
2143 3046 2326 3108 adce-

331 3133 629 3193 leraretur.
688 3129 889 3190 eadem
920 3134 1237 3193 constantia
1281 3142 1338 3193 et
1382 3134 1650 3193 inlustres
1681 3135 1908 3211 equites
1944 3131 2186 3194 Romani
2223 3150 2324 3193 cu-

333 3216 449 3296 pidi
468 3224 745 3279 =maturae
784 3216 947 3275 necis
988 3214 1233 3277 fuerunt.
1301 3217 1502 3277 Titium
1547 3218 1886 3293 Proculum,
1943 3216 2246 3276 custodem
2283 3234 2322 3275 a

332 3299 475 3362 Silio
514 3299 860 3360 Messalinae
891 3299 1077 3360 datum
1109 3307 1167 3360 et
1210 3301 1478 3361 indicium
1510 3302 1875 3377 offerentem,
1919 3300 2172 3361 Vettium
2201 3300 2322 3361 Va-

262 3395 312 3439 15
334 3383 544 3444 lentem
580 3384 906 3446 confessum
948 3394 1007 3445 et
1049 3385 1384 3464 Pompeium
1411 3385 1686 3446 Urbicum
1725 3403 1799 3447 ac
1845 3383 2136 3445 Saufeium
2171 3382 2322 3443 Tro-

330 3484 465 3545 gum
496 3486 573 3529 ex
603 3474 854 3535 consciis
882 3470 1027 3533 tradi
1059 3468 1130 3531 ad
1161 3468 1508 3549 supplicium
1551 3469 1728 3531 iubet.
1783 3467 2032 3529 Decrius
2078 3486 2324 3547 quoque
