2475 4000
333 177 416 239 40
827 185 1152 235 colmam
1181 162 1416 233 mern
1446 157 1809 231 msmn‘n

265 366 316 407 ιο
336 344 616 423 profiteri,
651 344 697 401 si
735 344 962 421 gratiae
991 350 1088 401 aut
1114 339 1333 399 meritis
1360 306 1751 399 confiderent:
1784 336 2057 416 speciosa
2102 335 2337 413 verbis,

333 445 399 488 re
425 427 612 487 inania
655 436 748 487 aut
791 425 1064 501 subdola,
1107 432 1433 504 quantoque
1488 424 1705 482 maiore
1743 421 2025 484 ‚libertatis
2066 422 2338 498 imagine

334 510 698 587 tegebantur,
733 520 888 571 tanto
925 519 1195 589 eruptura
1223 507 1293 567 ad
1324 508 1602 579 infensius
1635 506 1947 565 servitium.

1116 817 1521 827 ——ss———-—

719 1094 814 1174 c.
857 1060 1925 1203 CORNELII‘TACITI

733 1254 738 1259 ’
831 1250 923 1315 ΑΒ
975 1247 1276 1313 EXCESSU
1326 1250 1472 1314 DIVI
1524 1248 1820 1314 AUGUSTI

610 1415 700 1507 A
802 1410 891 1503 N
995 1408 1082 1502 N
1187 1411 1278 1503 A
1380 1410 1464 1504 L
1564 1412 1617 1505 Ι
1718 1404 1837 1503 U‘
1910 1406 2061 1503 M·

599 1575 637 1601 ’·
1076 1573 1401 1642 LIBER
1459 1575 1559 1639 II.
1672 1576 1677 1582 '
1815 1574 1819 1578 ’

325 1864 749 1918 BREVIARIUM.
825 1866 950 1933 Cap.
981 1865 1027 1915 1.
1077 1868 1225 1917 Initia
1256 1867 1375 1917 belli
1403 1866 1636 1918 Parthici.
1683 1864 1946 1931 Phraates,=
1963 1864 2201 1914 Vononis
2218 1879 2309 1929 pa-

389 1944 484 1989 ter.
532 1937 581 1984 2.
613 1936 852 1986 Vonones
882 1936 1211 2003 popularibus
1241 1938 1455 1987 invisus.
1514 1936 1564 1987 3.
1600 1936 1677 1984 Ab
1708 1934 1961 1983 Artabano
1992 1933 2200 1998 pulsus,
2240 1932 2309 1980 ad

389 2007 655 2056 Armenios
685 2005 956 2071 profugus.
1017 2008 1068 2056 4.
1111 2009 1170 2056 In
1203 2009 1441 2058 Armenia
1468 2007 1673 2056 mutatio
1704 2018 1900 2068 regum.
1961 2003 2016 2052 5.
2049 2001 2307 2051 Germani-

389 2090 478 2125 cus
509 2076 700 2124 invidia
742 2074 926 2123 Tiberii
964 2083 1226 2126 revocatus
1271 2075 1544 2126 Germanos
1587 2073 1851 2123 confestim
1890 2071 2109 2138 aggredi
2144 2079 2307 2135 parat.

389 2143 440 2194 6.
473 2143 660 2201 Classis
696 2144 818 2191 eius,
881 2141 1106 2192 Rhenus,
1162 2145 1214 2196 7.
1248 2145 1461 2210 Irruptio
1486 2146 1539 2194 in
1572 2143 1791 2193 Chattos.
1843 2141 1949 2190 Ara
1974 2141 2131 2190 Drusi
2161 2140 2308 2188 resti-

387 2219 512 2260 tuta.
575 2211 625 2259 8.
671 2211 829 2258 Fossa
867 2209 1134 2261 Drusiana.
1201 2214 1413 2262 Amisia.
1480 2215 1537 2262 In
1576 2211 1786 2260 rebelles
1822 2209 2158 2275 Angrivarios
2203 2209 2307 2256 ani-

385 2279 724 2330 madversum.
781 2278 831 2328 9.
861 2278 1076 2326 Arminii
1113 2297 1226 2330 cum
1269 2282 1424 2332 fratre
1460 2281 1779 2344 colloquium.
1853 2278 1933 2328 10.
1976 2277 2103 2326 Inde
2144 2277 2223 2324 ira
2262 2281 2308 2324 et

385 2347 624 2411 iurgium.
686 2347 765 2397 11.
804 2335 1073 2411 Visurgim·
1095 2357 1357 2400 transeunt
1386 2350 1616 2400 Romani.
1667 2349 1967 2398 Batavorum
2012 2345 2301 2397 discrimen.

387 2414 717 2466 Chariovalda
770 2429 964 2464 caesus.
1040 2415 1123 2464 12.
1174 2417 1495 2469 Germanicus
1543 2418 1757 2466 militum
1804 2417 2000 2466 animos
2052 2413 2303 2477 explorat.

389 2483 468 2534 13.
505 2483 804 2550 Transfugis
833 2483 1110 2550 praemium
1151 2487 1527 2550 pronuntiatum
1561 2501 1591 2535 a
1635 2485 1921 2544 Germanis,
1969 2496 2089 2531 mox
2127 2482 2305 2530 castris

384 2553 624 2601 Romanis
657 2553 976 2602 adsultatum.
1043 2551 1124 2601 14.
1157 2553 1435 2602 Germanici
1466 2556 1731 2604 somnium.
1791 2554 1873 2604 15.
1905 2553 2027 2627 Eiup
2058 2558 2108 2599 et
2137 2549 2303 2598 Armi-

385 2621 457 2668 nii
485 2622 735 2670 orationes
759 2621 824 2670 ad
855 2634 992 2668 suos.
1038 2619 1120 2672 16.
1151 2621 1317 2670 Locus
1341 2637 1559 2687 pugnae,
1584 2637 1791 2687 campus
1815 2621 2096 2671 Idisiaviso.
2156 2618 2303 2665 Acie-

384 2705 495 2738 rum
535 2690 812 2738 instructio.
877 2687 958 2736 17.
1003 2689 1241 2739 Faustum
1290 2692 1572 2755 augurium.
1660 2693 1802 2756 Fuga
1848 2689 2211 2739 Germanorum
2255 2693 2303 2732 et

383 2759 570 2808 clades.
632 2757 713 2806 18.
749 2757 1029 2822 Tropaeum
1063 2759 1300 2822 positum.
1370 2759 1449 2810 19.
1487 2761 1595 2820 Quo
1638 2761 1883 2810 dedecore
1923 2770 2135 2806 accensa
2171 2768 2301 2820 gens

380 2827 566 2876 bellum
597 2824 822 2875 resumit.
889 2824 973 2874 20.
1009 2826 1202 2876 Acriter
1228 2837 1525 2894 pugnatum.
1582 2830 1667 2882 21.
1700 2829 1920 2877 Vincunt
1952 2824 2157 2874 tandem
2198 2823 2303 2872 Ro-

379 2896 530 2955 mani,
563 2907 863 2958 quamquam
893 2894 1130 2958 ambiguo
1162 2897 1386 2959 equitum
1418 2897 1629 2964 proeli0.
1704 2898 1789 2946 22.
1834 2895 2214 2944 Monumentum
2254 2896 2301 2939 et

377 2963 552 3011 titulus
579 2975 747 3011 rerum
773 2961 1091 3026 magnificus
1141 2964 1226 3016 23.
1256 2965 1437 3015 Milites
1462 2967 1623 3016 classe
1647 2967 1848 3014 revecti.
1901 2964 1989 3014 24.
2011 2961 2089 3010 Ex
2106 2969 2299 3024 tempe-

380 3039 509 3080 state
535 3029 791 3078 calamitas
823 3037 870 3076 et
894 3045 1052 3094 paene
1078 3033 1302 3082 exitium.
1358 3034 1625 3084 Recollecti
1652 3033 1905 3098 naufragi.
1954 3030 2039 3081 25.
2066 3028 2171 3078 Hac
2192 3028 2299 3078 for·—

376 3108 500 3148 tuna
519 3103 709 3147 erectos
727 3096 891 3146 denuo
912 3097 1184 3150 Germanos
1197 3103 1495 3168 aggreditur
1506 3102 1831 3153 Germanicus
1848 3101 2127 3162 caeditque,
2146 3095 2299 3150 simul

379 3166 598 3229 aquilam
614 3164 886 3214 Varianam
903 3168 1094 3232 recipit.
1131 3169 1216 3224 26.
1237 3171 1363 3220 Tum
1382 3171 1533 3221 rebus
1551 3171 1750 3222 infectis
1759 3177 2005 3220 'avocatur
2022 3183 2057 3220 a
2077 3169 2295 3218 Tiberio.

379 3235 464 3284 27·
491 3233 614 3282 LibO
637 3231 830 3282 Drusus
851 3235 912 3284 ab
933 3236 1090 3291 amico
1110 3239 1325 3296 delatus.
1377 3241 1459 3292 28.
1485 3239 1766 3290 Accusatus
1785 3241 1839 3289 in
1860 3246 2053 3288 senatu.
2102 3237 2192 3288 29.
2209 3233 2294 3286 30.

379 3302 503 3353 Cum
513 3307 754 3366 patronos
772 3317 872 3352 non
890 3307 1130 3370 reperiret
1153 3322 1245 3356 nec
1258 3316 1362 3358 tam
1380 3305 1747 3371 sceleris‘quam
1760 3305 2055 3358 vaecordiae
2066 3304 2296 3354 convinci

377 3377 568 3435 posset,
591 3383 720 3419 novo
741 3371 848 3421 iure
867 3387 1042 3424 servos
1064 3375 1288 3438 torqueri
1305 3379 1357 3425 in
1378 3391 1521 3440 suum
1543 3385 1690 3441 capnt
1706 3377 1849 3426 vidit.
1890 3375 1974 3428 31.
1989 3379 2093 3426 Iam
2106 3373 2296 3423 frustra

377 3447 515 3488 orato
526 3440 750 3505 principe
766 3441 890 3490 Libo
909 3457 964 3490 se
983 3443 1101 3506 ipse‘
1113 3443 1342 3493 confecit.
1365 3443 1451 3494 32.
1472 3446 1529 3493 In
1542 3444 1833 3495 defunctum
1850 3445 2125 3498 sententiae
2144 3455 2294 3491 sena-
