2475 4000
346 162 469 226 310
863 169 1191 217 oonnnnn
1215 168 1448 216 norm
1471 168 1837 245 Amanum·

347 329 628 388 Senecam
668 342 835 383 unum
878 341 952 382 ex
1002 322 1462 398 centurionibus,
1511 325 1607 400 qui
1639 325 2048 384 necessitatem
2089 324 2346 385 ultimam

276 435 328 474 πο
349 411 726 471 denuntiaret.
2188 401 2198 418 ⁴

468 492 570 554 62.
610 492 719 551 Ille
748 493 1039 551 interritus
1065 491 1256 569 poscit
1279 494 1603 551 testamenti
1625 491 1879 560 tabulas;
1913 509 1984 552 ac
2009 491 2345 569 denegante

347 578 681 636 centurione
727 593 1045 640 conversus
1089 573 1159 632 ad
1190 575 1444 650 amicos,
1493 575 1718 652 quando
1763 577 1980 634 meritis
2012 593 2216 634 eorum
2256 594 2346 634 re-

344 662 501 721 ferre
528 654 769 737 gratiani
798 659 1219 738 prohiberetur,
1257 657 1412 734 quod
1440 677 1607 717 unum
1638 660 1748 718 iam
1775 669 1831 727 et
1855 668 2046 718 tamen
2069 659 2346 738 pulcher-

345 748 545 806 rimum
574 743 806 819 habeat,
836 745 1141 819 imaginem
1172 741 1325 800 vitae
1356 760 1495 800 suae
1519 743 1851 820 relinquere
1875 751 2140 820 testatur,
2181 746 2347 802 cuius

298 851 323 890 5
349 831 397 889 si
425 845 713 888 memores
745 835 969 903 essent,
1014 825 1290 885 bonarum
1327 827 1529 884 artium
1561 827 1765 885 famam
1795 827 2041 885 fructum
2074 837 2346 886 constan·

344 916 416 973 tis
461 911 741 973 amicitiae
786 909 1026 969 laturos.
1083 908 1248 968 simul
1298 907 1562 970 lacrimas
1611 926 1808 968 eorum
1844 909 2015 969 modo
2049 929 2343 985 sermone,

344 995 517 1057 modo
563 996 833 1054 intentior
873 994 929 1052 in
964 989 1191 1053 modum
1225 996 1584 1069 coercentis,
1633 992 1703 1052 ad
1737 993 2134 1054 firmitudinem
2168 1012 2344 1054 revo-

348 1089 459 1158 cat,
490 1080 751 1155 rogitans
780 1077 876 1136 ubi
912 1084 1228 1156 praecepta
1260 1077 1598 1154 sapientiae,
1637 1075 1730 1135 ubi
1763 1086 1848 1137 tot
1876 1095 1982 1156 per
2010 1097 2196 1138 annos
2223 1096 2342 1137 me·

348 1166 519 1225 ditata
559 1162 722 1221 ratio.
756 1161 1058 1221 adversum
1099 1158 1484 1219 imminentia?
1546 1161 1636 1219 cui
1667 1162 1816 1220 enim
1862 1162 2122 1237 ignaram
2153 1163 2340 1221 fuisse

277 1269 329 1310 10
353 1247 648 1309 saevitiam
681 1241 979 1314 Neronis?
1035 1261 1223 1321 neque
1260 1243 1410 1303 aliud
1447 1262 1758 1321 superesse
1791 1252 1924 1322 post
1955 1255 2196 1304 matrem
2228 1247 2342 1304 fra·
2437 1251 2439 1260 ²

346 1342 605 1408 tremque
650 1329 989 1389 interfectos
1029 1345 1195 1407 quam
1225 1336 1286 1386 ut
1322 1327 1646 1388 educatoris
1682 1331 2200 1407 praeceptorisque
2241 1347 2340 1388 ne·
2439 1329 2441 1346 ²

348 1433 473 1476 cem
506 1413 783 1472 adiceret.
2081 1406 2104 1488 J

471 1497 571 1557 63.
617 1495 731 1554 Ubi
784 1495 930 1555 haec
979 1503 1153 1573 atque
1205 1495 1340 1554 talia
1391 1494 1550 1554 velut
1599 1498 1657 1554 in
1701 1512 1996 1555 commune
2041 1495 2341 1571 disseruit,

348 1579 753 1658 complectitur
782 1595 1053 1655 uxorem,
1106 1587 1163 1637 et
1196 1577 1486 1657 paululum
1515 1578 1792 1650 adversus
1823 1588 2191 1658 praesentem
2219 1579 2341 1638 for·
2446 1613 2447 1620 r

346 1663 638 1725 titudinem
676 1660 929 1720 mollitus
968 1669 1423 1739 rogat.oratque
1472 1671 1820 1742 temperaret
1862 1659 2062 1722 dolorl'
2090 1681 2205 1722 neu
2243 1681 2338 1722 ae·
2448 1707 2449 1712 η

346 1759 566 1810 ternum
599 1745 952 1822 susciperet,
998 1745 1101 1804 sed
1143 1745 1201 1803 in
1234 1745 1717 1824 contemplatione
1751 1747 1900 1807 vitae
1933 1763 2038 1827 per
2069 1747 2340 1806 virtutem

300 1853 326 1892 5
348 1839 513 1892 actae
542 1828 887 1888 desiderium
927 1831 1109 1888 mariti
1140 1828 1374 1888 solaciis
1417 1827 1674 1888 honestis
1714 1830 2010 1890 toleraret.
2068 1830 2168 1890 illa
2201 1848 2338 1890 con-

347 1925 429 1975 tra
489 1912 596 1972 sibi
658 1929 889 1991 quoque
948 1913 1283 1973 destinatam
1348 1921 1589 1972 mortem
1638 1912 1942 1973 adseverat
1995 1931 2338 1992 manumque

348 2001 715 2079 percussoris
745 1999 1029 2076 exposcit.
1094 2007 1207 2057 tum
1240 1998 1468 2056 Seneca
1489 1994 1714 2073 gloriae
1745 2000 1868 2057 eius
1895 2016 2008 2057 non
2033 1998 2338 2074 adversus,

347 2082 511 2143 simul
544 2100 772 2158 amore,
816 2099 890 2139 ne
933 2082 1041 2141 sibi
1084 2082 1251 2140 unice
1293 2080 1556 2140 dilectam
1587 2080 1657 2145 ad
1699 2082 1930 2143 iniurias
1961 2081 2338 2161 relinqueret,

348 2170 572 2226 ‘vitae'
617 2166 799 2243 inquit
830 2164 1234 2226 ‘delenimenta
1265 2173 1715 2225 monstraveram
1744 2164 1873 2242 tibi,
1917 2174 1973 2225 tu
2005 2166 2209 2224 mortis
2243 2166 2338 2225 de·

281 2244 455 2311 no'cus
484 2250 695 2309 mavis:
732 2264 847 2306 non
874 2248 1143 2307 invidebo
1174 2248 1467 2327 exemplo.
1527 2250 1598 2307 sit
1626 2248 1789 2308 huius
1816 2258 1929 2309 tam
1949 2248 2122 2307 fortis
2147 2250 2338 2307 exitus

350 2333 669 2393 constantia
712 2348 893 2410 penes
928 2340 1205 2410 utrosque
1235 2350 1376 2410 par,
1410 2331 1762 2393 claritudinis
1793 2332 1924 2412 plns
1953 2334 2008 2390 in
2040 2340 2138 2392 tuo
2173 2332 2335 2392 fine!

349 2426 483 2498 post
513 2432 660 2493 quae
686 2413 892 2474 eodem
926 2416 1041 2474 ictu
1074 2415 1309 2476 brachia
1337 2416 1495 2475 ferro
1526 2416 1849 2475 exsolvunt.
1908 2418 2158 2491 Seneca,
2193 2434 2334 2493 quo-

347 2503 495 2561 niam
525 2498 711 2559 senile
742 2514 954 2577 corpus
984 2508 1041 2558 et
1073 2517 1254 2577 parco
1285 2501 1444 2558 victu
1469 2508 1754 2559 tenuatum
1783 2499 1936 2559 lenta
1965 2500 2182 2576 effugia
2209 2518 2334 2559 san-

347 2584 502 2662 g'nini
534 2581 874 2661 praebebat,
910 2600 1133 2641 crurum
1168 2590 1398 2661 quoque
1429 2592 1486 2642 et
1515 2582 1796 2661 poplitum
1818 2602 1995 2643 venas
2027 2581 2334 2661 abrumpit.

175 2748 185 2754 p
279 2688 329 2729 ιε
352 2668 656 2744 saevisque
688 2666 1032 2726 cruciatibus
1062 2666 1348 2742 defessus,
1381 2684 1454 2725 ne
1490 2665 1695 2725 dolore
1723 2683 1828 2726 suo
1859 2669 2100 2728 animum
2131 2669 2336 2726 uxoris

351 2751 693 2827 infringeret
738 2758 911 2827 atque
940 2752 1068 2828 ipse
1110 2749 1350 2809 visendo
1382 2752 1505 2808 eius
1532 2758 1813 2809 tormenta
1843 2750 1913 2811 ad
1942 2751 2334 2828 inpatientiam

348 2834 745 2910 delaberetur,
808 2834 1009 2893 suadet
1046 2834 1103 2891 in
1150 2833 1302 2892 aliud
1343 2832 1662 2892 cubiculum
1711 2832 2061 2896 abscedere.
2129 2841 2187 2891 et
2231 2852 2332 2893 no-

346 2920 584 2979 vissimo
624 2934 857 2995 quoque
900 2925 1185 2976 momento
1228 2916 1628 2995 suppeditante
1675 2916 2000 2995 eloquentia
2033 2916 2334 2977 advocatis

350 3000 727 3081 scriptoribus
756 3000 1035 3079 pleraque
1072 3000 1330 3078 tradidit,
1373 3018 1521 3078 quae
1550 3002 1606 3059 in
1633 3000 1840 3078 vulgus
1871 3000 2019 3061 edita
2049 3002 2174 3059 eius
2203 3019 2332 3061 ver-

276 3108 329 3148 20
348 3086 436 3147 bis
462 3087 754 3145 invertere
786 3084 1163 3164 supersedeo.
1999 3075 2007 3084 ⁸

470 3170 571 3230 64.
617 3168 695 3228 At
742 3167 899 3227 Nero
926 3167 1109 3227 anullo
1158 3170 1215 3227 in
1263 3167 1550 3228 Paulinam
1601 3169 1841 3246 proprio
1891 3168 2058 3243 odio,
2122 3185 2196 3227 ac
2257 3185 2331 3226 ne

348 3253 627 3329 glisceret
656 3250 867 3313 invidia
898 3252 1284 3327 crudelitatis,
1317 3250 1482 3311 iubet
1509 3250 1750 3311 inhiberi
1778 3260 2034 3311 mortem.
2096 3251 2328 3310 hortan-

347 3336 498 3395 tibus
526 3335 794 3395 militibus
830 3337 985 3394 servi
1015 3334 1319 3413 libertique
1345 3334 1604 3411 obligant
1625 3334 1875 3412 brachia,
1907 3343 2170 3413 premunt
2199 3352 2326 3393 san-

350 3419 577 3493 guinem
605 3418 883 3478 incertum
909 3438 981 3479 an
1011 3420 1262 3496 ignarae.
1302 3436 1450 3494 nam,
1486 3427 1546 3476 ut
1573 3427 1664 3477 est
1695 3418 1903 3496 vulgus
1935 3420 2004 3479 ad
2034 3420 2328 3479 deteriora
