2475 4000
669 220 878 267 menn
918 220 993 267 11.
1042 218 1191 267 eAP.
1237 217 1304 272 47
1324 240 1399 251 -·-
1420 217 1507 270 52.
2000 202 2083 267 63

105 374 189 433 cui
225 373 403 433 verba
447 375 504 433 in
543 390 670 433 eam
713 390 946 451 quoquo
975 374 1148 433 modo
1182 372 1374 432 habita
1404 374 1623 431 crimini
1660 372 1869 432 forent.
1937 372 2089 435 libe-.

105 458 354 535 ravitque
376 456 722 536 Appuleiam
753 456 890 533 lege
923 458 1267 517 maiestatis:
1300 455 1559 515 adulterii
1595 459 1920 532 graviorem
1940 474 2081 535 poe.-

103 558 222 599 nam
257 541 628 619 deprecatus,
669 546 732 599 ut
777 540 1050 619 exemplo
1089 540 1365 599 maiorum
1406 540 1740 617 propinquis
1780 542 1899 599 suis
1934 541 2079 601 ultra

101 622 538 685 ducentesimum
582 622 832 701 lapidem
872 632 1271 683 removeretur
1314 624 1509 682 suasit.
1576 622 1833 682 adultero
1868 622 2079 683 Manlio

99 706 250 767 ltalia
281 717 452 785 atque
482 707 680 767 Africa
711 708 1070 768 interdictum
1097 716 1206 766 est.
1508 734 1513 757 ι
2101 731 2149 771 1⁵

177 786 320 852 ‘51.
374 790 464 851 De
505 798 774 869 praetore
833 792 888 849 in
927 792 1121 852 locum
1163 791 1429 869 Vipstani
1472 789 1655 865 Galli,
1710 806 1878 867 quem
1912 806 2083 853 mors

99 874 436 950 abstulerat,
471 873 840 949 subrogando
872 884 1165 935 certamen
1194 875 1452 933 incessit.
1514 873 1885 933 Germanicus
1914 872 2083 949 atque

97 958 306 1017 Drusus
351 960 512 1037 (nam
553 958 726 1017 etiam
765 965 880 1016 tum
924 958 1144 1017 Romae
1187 957 1381 1035 erant)
1424 950 1717 1017 Haterium
1762 956 2083 1034 Agrippam

100 1043 476 1121 propinquum
497 1039 816 1101 Germanici
838 1032 1146 1101 fovebant:
1197 1048 1397 1101 contra
1441 1041 1701 1119 plerique
1738 1039 2082 1114 nitebantur,

97 1134 152 1183 ut
189 1143 460 1185 numerus
501 1123 812 1195 liberorum
852 1126 910 1183 in
957 1124 1271 1185 candidatis
1318 1124 1747 1203 praepolleret,
1790 1122 1945 1202 quod
1986 1120 2127 1182 lexs

99 1208 344 1269 iubebat.
415 1207 732 1270 laetabatur
763 1207 1058 1285 Tiberius,
1105 1226 1232 1267 cum
1272 1207 1423 1267 inter
1467 1203 1621 1269 lilios
1662 1209 1785 1266 eius
1827 1216 1887 1285 et
1915 1207 2085 1282 leges

101 1302 330 1355 senatus
359 1292 724 1370 disceptaret
782 1293 934 1352 victa
967 1300 1055 1351 est
1085 1292 1208 1351 sine
1239 1290 1409 1351 dubio
1448 1292 1581 1367 lex,
1615 1290 1719 1351 sed
1748 1308 1939 1369 neque
1970 1299 2083 1349 sta·

99 1376 189 1433 tim
219 1385 277 1435 et
315 1377 517 1454 paucis
549 1374 877 1452 suffragiis,
919 1393 1034 1453 quo
1067 1374 1238 1435 modo
1270 1376 1439 1435 etiam
1470 1393 1596 1435 cum
1626 1374 1885 1435 valerent
1914 1374 2085 1450 leges

96 1460 485 1519 vincebantur.

217 1545 318 1605 52.
355 1542 578 1603 Eodem
602 1559 750 1604 anno
782 1550 1046 1620 coep-tum
1075 1544 1133 1601 ιἰι
1161 1542 1361 1603 Africa
1389 1487 1635 1619 bellum,
1666 1542 1813 1603 duce
1838 1541 2083 1603 hostium
2133 1558 2143 1579 .

98 1624 476 1696 Tacfarinate.
537 1627 586 1685 is
614 1627 843 1686 natione
872 1625 1142 1702 Numida,
1174 1628 1230 1685 in
1257 1628 1461 1687 castris
1484 1627 1757 1693 Romanis
1786 1624 2084 1685 auxiliaria

99 1712 376 1788 stipendia
406 1710 672 1787 meritus,
701 1727 839 1771 mox
865 1709 1162 1786 desertor,
1191 1728 1381 1787 vagos
1409 1711 1667 1791 primum·
1678 1718 1739 1769 et
1766 1709 2082 1769 latrociniis

97 1802 288 1855 suetos
327 1794 398 1854 ad
431 1792 702 1872 praedam
737 1802 795 1852 et
820 1802 1017 1872 raptus
1049 1810 1451 1870 congregare,
1496 1793 1629 1852 dein
1656 1810 1818 1852 nore
1848 1792 2083 1853 militiae

99 1894 198 1953 per
238 1878 457 1943 vexilla
501 1887 558 1938 et
597 1887 808 1938 turmas
843 1893 1224 1956 componere,
1274 1886 1571 1955 postremo
1604 1892 1720 1935 non
1756 1875 2083 1935 inconditae
2104 1896 2128 1933 5

96 1959 292 2022 turbae
323 1961 428 2022 sed
461 1961 922 2024 Musulamiorum
951 1960 1067 2024 dux
1094 1958 1312 2022 haberi.
1389 1958 1577 2019 valida
1598 1976 1676 2019 ea
1718 1975 1866 2035 gens
1898 1966 1959 2018 et
1992 1976 2083 2018 so-

93 2043 418 2105 litudinibus
448 2046 684 2106 Africae
714 2047 1036 2124 propinqua
1055 2089 1072 2122 ,
1117 2044 1277 2104 nullo
1299 2045 1481 2102 etiam
1514 2052 1629 2102 tum
1660 2041 1883 2103 urbium
1913 2042 2087 2117 cultu,
2136 2071 2139 2076 ·

92 2131 248 2206 cepit
291 2145 444 2188 arma
485 2128 830 2206 Maurosque
873 2129 1112 2188 accolas
1139 2129 1197 2186 in
1227 2126 1445 2186 bellum
1475 2126 1675 2188 traxit:
1721 2126 1838 2186 dux
1882 2133 1941 2186 et
1975 2125 2085 2202 hia,

85 2210 379 2286 Mazippa.
443 2210 772 2289 divisusque
799 2213 1123 2286 exercitus,
1160 2219 1220 2270 ut
1253 2210 1585 2272 Tacfarinas
1610 2211 1801 2272 lectos
1829 2211 1989 2270 viros
2025 2219 2085 2269 et

85 2295 410 2354 Romanum
452 2295 510 2351 in
540 2294 764 2354 modum
790 2304 1040 2354 armatos
1069 2295 1279 2356 castris
1308 2295 1607 2371 attineret,
1648 2293 1991 2372 disciplinae
2022 2303 2081 2354 et
2103 2311 2153 2354 ιο

87 2377 350 2455 imperiis
379 2385 702 2453 suesceret,
753 2377 1020 2456 Mazippa
1049 2377 1165 2437 levi
1201 2393 1328 2442 eum
1360 2381 1527 2457 copia
1564 2377 1831 2438 incendia
1862 2386 1922 2437 et
1950 2396 2081 2438 cae·

92 2461 192 2520 des
217 2468 278 2519 et
299 2469 584 2520 terrorem
609 2460 1018 2522 circumferret.
1070 2463 1565 2542 conpulerantque
1590 2460 1905 2537 Cinithios,
1934 2460 2087 2520 haud

97 2543 475 2622 spernendam
515 2544 832 2621 nationem,
874 2547 930 2606 in
970 2545 1200 2623 eadem,
1250 2565 1377 2606 cum
1414 2545 1619 2607 Furius
1663 2543 1965 2605 Camillus
1975 2561 2083 2621 pro

99 2628 335 2688 consule
374 2627 612 2688 Africae
665 2628 958 2704 legionem
1011 2638 1068 2689 et
1107 2629 1260 2708 quod
1310 2630 1417 2689 sub
1476 2630 1657 2707 signis
1695 2629 1987 2688 sociorum
2027 2629 2085 2686 in

97 2729 260 2770 unum
303 2711 626 2772 conductos
664 2710 737 2772 ad
762 2711 990 2774 hostem
1015 2714 1206 2791 duxit,
1250 2713 1529 2775 modicam
1562 2729 1817 2788 manum,
1864 2713 1912 2770 si
1943 2710 2154 2776 mul-,15

100 2795 388 2854 titudinem
435 2794 799 2855 Numidarum
843 2805 1015 2874 atque
1042 2797 1368 2859 Maurorum
1412 2806 1741 2877 spectarem
1798 2795 1903 2856 sed
1946 2795 2083 2856 nihil

101 2894 280 2956 aeque
315 2879 626 2938 cavebatur
657 2897 822 2957 quam
851 2897 924 2938 ne
955 2879 1170 2942 bellum
1199 2891 1353 2942 metu
1384 2880 1713 2941 eluderent:
1758 2898 1867 2957 spe
1898 2881 2083 2939 victo·

99 2963 214 3020 riae
265 2962 482 3022 inducti
512 2972 640 3022 sunt
673 2973 733 3022 ut
762 2965 1148 3026 vincerentur.
1233 2967 1405 3040 igitur
1446 2965 1606 3040 legio
1636 2964 1861 3039 medio,
1917 2963 2089 3022 leves

100 3045 368 3106 cohortes
401 3046 662 3124 duaeque
713 3046 844 3107 alae
873 3049 928 3106 in
957 3044 1228 3106 cornibus
1259 3047 1539 3107 locantur.
1606 3065 1717 3106 nec
1751 3046 2089 3107 Tacfarinas

97 3145 346 3205 pugnam
383 3130 745 3193 detrectavit.
835 3129 946 3191 fusi
989 3129 1303 3207 Numidae,
1346 3131 1673 3208 multosque
1726 3138 1861 3208 post
1904 3147 2081 3190 annos
2100 3149 2153 3189 20

96 3209 266 3273 Furio
313 3215 526 3274 nomini
558 3223 790 3293 partum
811 3214 992 3275 decus
1020 3213 1273 3276 militiae.
1344 3231 1471 3276 nam
1501 3220 1640 3292 post
1668 3213 1823 3274 illum
1855 3215 2081 3291 recipe-

96 3303 346 3359 ratorem
391 3296 548 3357 urbis
592 3299 881 3376 filiumque
923 3301 1046 3358 eius
1092 3294 1391 3358 Camillum
1434 3314 1617 3375 penes
1656 3295 1799 3356 alias
1838 3297 2091 3359 familias

97 3379 462 3457 imperatoria
507 3382 630 3442 laus
672 3382 886 3452 fuerat3
927 3391 1100 3460 atque
1140 3382 1234 3442 hic
1278 3397 1445 3460 quem
1488 3397 1864 3440 memoramus
1898 3381 2079 3442 hello

97 3478 214 3522 rum
245 3482 460 3543 expers
490 3464 830 3526 habebatur.
907 3483 979 3526 eo
1013 3469 1253 3544 pronior
1282 3465 1549 3528 Tiberius
1575 3481 1675 3522 res
1704 3473 1899 3541 gestas
1932 3465 2085 3544 apud
