2475 4000
358 189 437 247 72
850 193 1445 243 conNEmrTAorrr
1475 193 1838 242 ANNALIUM

350 369 531 411 meam
570 349 877 412 fovebatis.
966 347 1250 409 ostendite
1311 348 1528 426 populo
1589 348 1850 409 Romano
1911 347 2026 406 divi
2084 347 2364 424 Augusti

348 443 577 511 neptem
612 434 965 511 eandemque
1002 432 1305 508 coniugem
1345 449 1560 508 meam,
1608 438 1900 490 numerate
1943 448 2050 489 sex
2089 431 2358 492 liberos.

349 517 739 578 misericordia
790 535 916 576 cum
959 514 1356 576 accusantibus
1403 517 1539 592 erit,
1580 514 2038 592 fingentibusque
2079 515 2362 576 scelesta

281 629 333 668 20
350 600 607 660 mandata
648 611 740 660 aut
774 619 889 661 non
934 598 1169 658 credent
1214 599 1474 675 homines
1517 607 1609 657 aut
1642 616 1758 658 non
1785 600 2132 674 ignoscent?
2192 599 2357 658 iura·

350 703 489 744 vere
530 685 725 761 amici,
770 685 1027 742 dextram
1062 683 1361 743 morientis
1407 683 1843 758 contingentes,
1901 683 2161 760 spiritum
2211 692 2360 745 ante

336 787 514 846 *quam
547 768 818 828 ultionem
848 769 1177 826 amissuros.

473 852 572 911 72.
616 852 755 911 Tum
786 851 857 910 ad
885 867 1123 909 uxorem
1153 867 1358 909 versus
1389 867 1494 928 per
1523 852 1854 908 memoriam
1884 849 1970 908 sui
1987 867 2144 926 ,per
2181 867 2354 908 com-

246 943 251 946 '
346 954 544 995 munes
592 936 811 995 liberos
852 934 1069 1009 oravit,
1112 941 1354 992 exueret
1392 933 1702 1009 ferociam,
1749 929 2028 993 saevienti
2069 932 2358 992 fortunae

348 1020 703 1080 submitteret
729 1020 995 1093 animum,
1026 1034 1137 1075 neu
1168 1033 1445 1093 regressa
1479 1017 1534 1086 in
1569 1017 1768 1076 urbem
1796 1017 2184 1076 aemulatione
2242 1033 2351 1095 po-

346 1105 560 1163 tentiae
590 1102 898 1162 validiores
926 1102 1199 1160 inritaret.
1257 1101 1402 1159 haec
1432 1100 1618 1178 palam
1649 1109 1707 1160 et
1753 1101 1864 1160 alia
1911 1094 2190 1174 secreto,
2239 1118 2358 1178 per

297 1215 321 1253 5
349 1206 493 1265 quae
526 1186 835 1246 ostendere
868 1183 1210 1247 credebatur
1238 1193 1446 1244 metum
1491 1203 1565 1243 ex
1595 1183 1849 1244 Tiberi0.
1923 1200 2115 1260 neque
2159 1183 2350 1242 multo

280 1321 285 1326 .
349 1281 483 1348 post
510 1271 876 1346 extinguitur,
910 1268 1129 1344 ingenti
1165 1268 1320 1328 luctu
1351 1269 1688 1346 provinciae
1721 1277 1780 1328 et
1813 1269 2347 1326 circumiacentium

347 1353 707 1450 populorum.
767 1352 1064 1411 indoluere
1116 1360 1352 1410 exterae
1397 1353 1669 1412 nationes
1687 1369 2014 1429 regesque:
2065 1360 2223 1410 tanta
2255 1350 2344 1409 illi

348 1437 585 1494 comitas
616 1437 685 1493 in
705 1437 932 1511 socios,
982 1415 1354 1494 mansuetudo
1395 1437 1453 1495 in
1496 1435 1709 1504 hostis;
1757 1436 1998 1513 visuque
2047 1443 2106 1492 et
2145 1433 2346 1494 auditu

344 1521 507 1578 iuxta
530 1517 911 1593 venerabilis,
958 1535 1084 1576 cum
1109 1518 1562 1593 magnitudinem
1605 1527 1663 1578 et
1700 1521 2042 1596 gravitate-m
2083 1535 2349 1577 summae

281 1632 327 1670 ιο
348 1604 611 1662 fortunae
646 1604 951 1676 retineret,
983 1601 1249 1660 invidiam
1281 1611 1339 1660 et
1367 1602 1761 1678 adrogantiam
1791 1603 2096 1678 effugerat.

469 1687 567 1746 73.
614 1685 804 1753 Funus
838 1683 1328 1760 sineimaginibus
1359 1695 1416 1744 et
1447 1704 1661 1765 pompa
1703 1705 1810 1764 per
1855 1685 2056 1745 laudes
2099 1703 2177 1744 ac
2223 1702 2346 1744 me-

342 1770 578 1830 moriam
611 1772 875 1828 virtutum
906 1769 1028 1826 eius
1066 1766 1301 1827 celebre
1332 1769 1455 1828 fuit.
1517 1779 1574 1828 et
1605 1779 1767 1829 erant
1795 1771 1888 1848 qui
1923 1770 2200 1845 formam,
2245 1786 2343 1828 ae-

342 1861 551 1930 tatem,
584 1871 769 1929 genus
797 1853 1025 1928 mortiS,
1070 1851 1145 1910 ob
1187 1853 1670 1930 propinquitatem
1711 1855 1881 1913 etiam
1929 1853 2232 1928 locorum,
2290 1854 2346 1909 in
2421 1903 2459 1942 3

345 1937 547 2016 quibus
599 1939 841 2015 interiit,
906 1937 1098 2013 magni
1161 1935 1476 1995 Alexandri
1525 1937 1660 1995 fatis
1711 1937 2115 2015 adaequarent.
2209 1952 2344 1994 nam

230 2076 237 2081 .
297 2054 321 2091 5
346 2033 643 2099 utrumque
678 2039 935 2099 corpore·
958 2021 1209 2096 decoro,
1247 2038 1466 2096 genere
1501 2022 1742 2097 insigni,
1783 2021 1938 2081 haud
1975 2021 2213 2080 multum
2245 2022 2342 2079 tri-

344 2108 499 2181 ginta
531 2123 709 2164 annos
740 2122 1057 2180 egressum,
1090 2122 1320 2165 suorum
1361 2104 1578 2164 insidiis
1619 2114 1887 2164 externas
1935 2106 2085 2163 inter
2125 2113 2346 2179 gentes

338 2188 663 2248 ¹occidisse:
700 2188 803 2247 sed
830 2188 981 2247 hunc
1002 2190 1189 2247 mitem
1214 2206 1358 2264 erga
1381 2190 1618 2265 amicoS,
1649 2188 1932 2249 modicum
1953 2187 2342 2268 yoluptatum,

252 2296 257 2309 =
344 2288 455 2329 uno
487 2272 879 2347 matrimoni0,
912 2272 1087 2330 certis
1119 2272 1317 2331 liberis
1345 2273 1578 2349 egisse,
1629 2290 1818 2349 neque
1859 2274 2040 2331 minus
2085 2270 2342 2349 proelia-

342 2363 558 2430 torem,
607 2357 774 2441 etiam
805 2356 853 2413 si
885 2356 1194 2414 temeritas·
1214 2355 1422 2415 afuerit
1463 2356 1947 2435 praepeditusque
1991 2355 2064 2413 sit
2108 2353 2336 2431 percul-

277 2462 325 2501 10
345 2456 439 2507 sas
465 2448 552 2497 tot
581 2440 842 2497 victoriis
872 2438 1205 2498 Germanias
1244 2439 1503 2498 servitio,
1527 2457 1812 2517 premere.
1881 2437 2036 2517 quod
2079 2440 2128 2497 si
2173 2437 2336 2497 solus

344 2522 557 2582 arbiter
588 2540 799 2599 rerum,
834 2524 882 2581 si
919 2524 1042 2581 iure
1074 2530 1133 2581 et
1160 2523 1389 2581 nomine
1412 2524 1578 2599 regio
1609 2523 1834 2599 fuisset,
1866 2531 2023 2582 tanto
2055 2518 2334 2599 prompti-

342 2625 409 2664 us
440 2606 836 2665 adsecuturum
866 2605 1115 2681 gloriam
1151 2605 1382 2663 militiae
1401 2650 1418 2679 ,
1453 2616 1718 2685 quantum
1749 2607 2084 2681 clementia,
2110 2606 2336 2683 'tempe-

342 2692 549 2766 tantia,
594 2691 807 2749 ceteris
851 2688 1019 2748 bonis
1062 2687 1279 2748 artibus
1316 2691 1720 2765 praestitisset.
1775 2708 1987 2769 corpus
2029 2698 2339 2767 antequam

346 2782 695 2832 cremaretur
728 2772 989 2831 nudatum
1027 2772 1085 2829 in
1112 2771 1244 2830 foro
1277 2770 1781 2851 Antiochensium,
1818 2776 1913 2851 qui
1947 2774 2114 2833 locus
2139 2771 2337 2852 sepul-

276 2880 323 2920 15
342 2866 503 2916 turae
536 2856 947 2931 destinabatur,
984 2854 1396 2931 praetuleritne
1428 2858 1690 2917 veneficii
1721 2860 1920 2933 signa,
1965 2874 2166 2935 parum
2197 2873 2338 2915 con-

342 2942 506 3010 stitit;
540 2959 668 3000 nam
699 2949 758 2999 ut
791 2940 918 3017 quis
948 2937 1346 2999 misericordia
1377 2940 1434 2999 in
1459 2940 1854 3000 Germanicum
1881 2949 1940 2999 et
1963 2948 2336 3018 praesumpta

342 3027 657 3102 suspitione
708 3032 802 3083 aut
852 3022 1056 3082 favore
1095 3023 1151 3081 in
1181 3022 1450 3084 Pisonem
1480 3026 1750 3102 pronior,
1793 3023 2006 3083 diversi
2049 3025 2336 3101 interpre-

339 3108 623 3170 tabantur.
776 3149 784 3155 -

469 3195 569 3253 74.
609 3190 1002 3251 Consultatum
1036 3190 1169 3250 inde
1200 3166 1347 3249 inter
1379 3190 1611 3266 legatos
1643 3193 1858 3268 quique
1881 3190 1978 3250 alii
1999 3197 2334 3249 senatorum

340 3275 611 3351 aderant,
660 3275 917 3353 quisnam
961 3274 1163 3333 Suriae
1204 3274 1640 3358 praeficeretur.
1722 3283 1780 3333 et
1837 3275 2047 3341 ceteris
2103 3272 2334 3331 modice

338 3360 507 3436 nisis,
548 3361 695 3418 inter
724 3357 952 3418 Vibium
995 3357 1246 3418 Marsum
1293 3366 1350 3417 et
1399 3350 1502 3417 Cu.
1547 3357 1802 3417 Sentium
1841 3356 1934 3417 diu
1981 3348 2329 3453 quaesitum:

337 3440 476 3505 deiu
518 3443 741 3503 Marsus
800 3444 1011 3503 seniori
1078 3450 1137 3501 et
1198 3443 1386 3501 acrius
1455 3440 1710 3501 tendenti
1753 3441 1952 3501 Sentio
2017 3440 2330 3501 concessit.
