2475 4000
330 207 411 270 36
519 191 531 202 ’
588 263 600 283 x
837 213 1164 262 cominu
1187 211 1422 260 norm
1444 205 1811 258 ANNAHUM

454 369 552 429 72.
597 345 849 428 Decret‘a
894 376 967 428 eo
1010 345 1157 428 anab
1200 365 1562 444 triumphalia
1601 357 1846 438 insignia
1888 361 1986 420 Aa
2009 361 2328 440 Caecinae,

324 455 387 514 L.
418 452 699 530 Apronio,
735 450 802 512 C.
835 452 979 511 Silio
1019 451 1094 511 ob
1137 469 1234 510 res
1262 459 1400 510 'cum
1441 449 1779 510 Germanico
1827 455 2046 524 gestas.
2112 464 2332 508 nomen

326 537 504 616 patris
535 537 755 614 patriae
791 534 1083 611 Tiberius,
1116 553 1149 594 a
1171 535 1394 613 populo
1425 533 1656 611 saepius
1695 532 2010 608 ingestum,
2049 531 2328 610 repudia-

326 622 434 688 vit;
469 636 655 697 neque
690 620 747 678 in
778 628 905 678 acta
938 637 1038 679 sua
1070 620 1243 678 iurari
1277 634 1612 697 quamquam
1651 622 2155 674 censentesenatu
2187 632 2328 692 per-

284 720 308 758 5
327 704 496 778 misit,
530 711 733 762 cuncta
758 702 1081 763 mortalium
1113 704 1366 777 incerta,
1409 709 1736 779 quantoque
1767 698 1897 777 plus
1939 698 2185 776 adeptus
2234 698 2326 758 fo-

325 795 445 862 ret,
477 795 633 846 tanto
684 804 749 844 se
800 787 985 862 magis
1035 788 1093 846 in
1141 785 1368 846 lubrico
1419 784 1706 844 dictitans.
1780 799 1896 842 non
1947 791 2136 842 tamen
2181 781 2328 842 ideo

325 869 575 931 faciebat
606 868 779 930 fidem
810 869 997 930 civilis
1026 871 1224 938 animi;
1259 885 1392 929 nam
1419 868 1612 945 legem
1639 867 1953 926 maiestatis
1982 865 2328 940 reduxerat,

329 956 417 1013 cui
444 971 653 1014 nomen
682 951 831 1032 apud
853 961 1087 1013 veteres
1108 953 1280 1031 idem,
1313 951 1419 1012 sed
1445 951 1556 1012 alia
1584 953 1640 1010 in
1679 948 1948 1009 iudicium
1988 949 2330 1026 veniebant,

328 1039 375 1098 si
410 1041 539 1116 quis
566 1036 893 1116 proditione
926 1039 1244 1097 exercitum
1268 1045 1361 1096 aut
1376 1035 1615 1113 [plebem
1645 1034 2044 1110 seditionibus,
2071 1033 2332 1111 denique

212 1190 219 1199 ³
259 1133 308 1174 ιο
326 1121 473 1182 male
504 1131 671 1198 gesta
711 1139 777 1181 re
821 1120 1051 1200 publica
1093 1123 1446 1180 maiestatem
1486 1118 1684 1198 populi
1717 1116 1960 1177 Romani
1993 1119 2328 1178 minuisset:

216 1229 223 1244 ¹
326 1206 479 1265 facta
510 1204 915 1281 arguebantur,
948 1205 1101 1265 dicta
1127 1207 1340 1282 inpune
1365 1211 1544 1263 erant.
1599 1204 1812 1280 primus
1846 1201 2146 1278 Augustus
2175 1219 2328 1278 cog·

327 1289 599 1348 nitionem
638 1287 711 1348 de
740 1288 981 1348 famosis
1011 1288 1225 1348 libellis
1259 1289 1462 1365 specie
1490 1286 1646 1362 legis
1677 1287 1802 1346 eius
1836 1286 2122 1361 tractavit,
2167 1303 2330 1344 com-

326 1379 516 1430 motus
548 1367 733 1430 Cassii
761 1372 967 1431 Severi
996 1371 1261 1448 libidine,
1297 1389 1410 1449 qua
1449 1371 1608 1442 viros
1650 1369 2006 1448 feminasque
2048 1369 2332 1428 inlustres

329 1451 673 1532 procacibus
698 1448 1388 1532 scriptis'diffamaverat;
1421 1471 1573 1536 ‚mox
1613 1453 1911 1529 Tiberius,
1959 1453 2330 1513 consultante

214 1535 219 1544 “
260 1551 309 1590 15
333 1537 607 1614 Pompeio
643 1536 841 1597 Macro
872 1547 1181 1616 praetore,
1222 1557 1294 1598 an
1340 1538 1549 1599 iudicia
1579 1537 1891 1596 maiestatis
1921 1536 2332 1612 reddere-ntur,

295 1619 683 1680 :exercendas
722 1620 892 1697 leges
936 1635 1070 1680 esse
1108 1620 1429 1700 respondit.
1500 1621 1650 1681 hunc
1695 1638 1926 1698 quoque
1965 1637 2334 1699 asperavere

329 1707 576 1764 carmina
598 1704 835 1764 incertis
858 1705 1186 1766 auctoribus
1218 1705 1449 1782 vulgata
1477 1706 1533 1763 in
1557 1705 1850 1766 saevitiam
1876 1703 2332 1784 superbiamque

328 1787 451 1848 eius
484 1795 543 1846 et
577 1786 905 1849 discordem
934 1807 1061 1848 cum
1094 1797 1278 1849 matre
1309 1790 1570 1849 animum.

246 1869 253 1888 ‘
452 1871 553 1931 73.
595 1870 756 1932 Haud
791 1872 1015 1952 pigebit
1040 1874 1268 1934 referre
1307 1874 1364 1932 in
1394 1871 1640 1932 Falanio·
1675 1879 1734 1932 et
1775 1870 2034 1948 Rubrio,
2075 1870 2334 1932 modicis

326 1954 608 2033 equitibus
648 1956 953 2035 Romanis,
1018 1963 1437 2037 praetemptata
1478 1957 1738 2033 crimina,
1775 1964 1837 2016 ut
1876 1955 2082 2037 quibus
2123 1957 2330 2032 initiis,

326 2048 531 2117 quanta
563 2040 779 2101 Tiberii
808 2052 931 2101 arte
962 2044 1363 2119 gravissimum
1395 2041 1628 2101 exitium
1673 2042 2018 2119 inrepserit,
2060 2040 2195 2100 dein
2231 2058 2330 2099 re·

325 2140 587 2201 pressum
616 2126 723 2198 sit,
759 2134 1053 2202 postremo
1087 2128 1295 2187 arserit
1335 2134 1656 2203 cunctaque
1699 2126 2070 2203 corripuerit,
2113 2140 2330 2184 nosca-

279 2219 304 2258 s
328 2214 436 2263 tur.
486 2205 725 2265 Falanio
750 2207 1043 2269 obiciebat
1062 2218 1390 2285 accusator,
1415 2208 1568 2288 quod
1598 2211 1744 2269 inter
1769 2207 2025 2268 cultores
2049 2207 2328 2284 Augusti,

326 2288 421 2365 qui
446 2305 552 2366 per
583 2290 781 2352 omnes
807 2290 1009 2351 domos
1033 2293 1091 2351 in
1112 2294 1342 2354 modum
1367 2292 1750 2369 collegiorum
1778 2290 2152 2367 habebantur,
2179 2290 2328 2353 Cas·

325 2371 469 2431 sium
500 2372 782 2449 quendam
808 2375 1034 2434 mimum
1066 2394 1314 2455 corpore
1344 2377 1607 2436 infamem
1639 2375 2012 2453 adscivisset,
2047 2374 2354 2454 quodque,

323 2454 573 2515 venditis
613 2456 798 2517 hortis
837 2467 1077 2519 statuam
1120 2459 1368 2535 Augusti
1415 2459 1584 2519 simul
1621 2461 2030 2539 mancipasset.
2095 2458 2326 2520 Rubrio

325 2540 542 2599 crimini
578 2539 817 2601 dabatur
844 2542 1115 2602 violatum
1146 2543 1402 2621 periurio
1449 2560 1656 2603 numen
1690 2543 1962 2620 Augusti.
2027 2561 2178 2621 quae
2223 2542 2330 2601 ubi

256 2638 304 2678 10
325 2617 557 2684 Tiberio
586 2622 845 2701 notuere,
876 2627 1111 2705 scripsit
1144 2625 1475 2685 consulibus
1504 2644 1620 2686 non
1650 2626 1784 2689 ideo
1831 2627 2125 2688 decretum
2167 2628 2330 2705 patri

321 2706 425 2766 suo
456 2708 699 2787 caelum,
730 2719 790 2770 ut
819 2710 877 2769 in
907 2710 1220 2788 perniciem
1254 2710 1458 2769 civium
1485 2712 1536 2769 is
1558 2711 1744 2771 honor
1771 2721 2116 2771 verteretur.
2175 2709 2324 2772 Cas-

206 2804 213 2811 *
322 2789 465 2849 sium
506 2790 839 2853 histrionem
882 2793 1111 2853 solitum
1156 2795 1308 2852 inter
1349 2792 1498 2855 alios
1549 2795 1806 2856 eiusdem
1845 2796 1984 2855 artis
2029 2796 2324 2855 interesse

320 2872 501 2949 ludis,
535 2892 681 2952 quos
710 2886 891 2936 mater
936 2895 1037 2937 sua
1079 2878 1137 2936 in
1175 2880 1508 2937 memoriam
1553 2878 1800 2956 Augusti
1841 2888 2160 2948 sacrasset;
2205 2896 2324 2937 nec

216 3024 223 3034 ¹
322 2965 524 3016 contra
552 2959 873 3036 religiones
900 2961 1054 3036 fieri,
1087 2960 1244 3039 quod
1271 2962 1500 3039 effigies
1530 2963 1675 3041 eius,
1709 2972 1769 3023 ut
1791 2963 1906 3024 alia
1927 2958 2212 3023 numinum'
2241 2963 2322 3023 si-

251 3048 301 3088 15
320 3038 603 3127 mulacra,
650 3043 1072 3104 venditionibus
1120 3045 1412 3105 hortorum
1459 3057 1517 3106 et
1558 3047 1819 3109 domuum
1859 3048 2156 3109 accedant.
2227 3049 2320 3106 ius

319 3123 609 3184 iurandum
666 3127 903 3205 perinde
948 3129 1356 3190 aestimandum
1405 3148 1572 3209 quam
1628 3133 1675 3191 si
1721 3130 1922 3193 Iovem
1968 3131 2318 3192 fefellisset.-

319 3204 553 3267 deorum
584 3211 819 3271 iniurias
849 3210 937 3271 dis
972 3232 1163 3273 curae.

445 3294 545 3351 74.
583 3292 711 3355 Nec
757 3296 935 3356 multo
979 3306 1114 3375 post
1154 3297 1420 3359 Granium
1464 3298 1802 3367 Marcellum
1845 3309 2174 3379 praetorem
2218 3300 2311 3361 Bi-

318 3370 547 3445 thyniae
595 3388 866 3454 quaestor
904 3382 1085 3460 ipsius
1131 3381 1354 3459 Caepio
1399 3380 1698 3461 Crispinus
1750 3379 2068 3445 maiestatis
2101 3394 2312 3464 postu-

316 3452 473 3533 lavit,
515 3459 919 3544 subscribente
947 3466 1207 3527 Romano
1237 3465 1530 3545 Hispone:
1574 3470 1670 3545 qui
1698 3469 1938 3530 formam
1968 3471 2124 3530 vitae
2163 3469 2310 3548 iniit,
