<?xml version="1.0" encoding="UTF-8"?>
<!DOCTYPE html PUBLIC "-//W3C//DTD XHTML 1.0 Transitional//EN"
    "http://www.w3.org/TR/xhtml1/DTD/xhtml1-transitional.dtd">
<html xmlns="http://www.w3.org/1999/xhtml" xml:lang="en" lang="en">
 <head>
  <title>
</title>
<meta http-equiv="Content-Type" content="text/html;charset=utf-8" />
  <meta name='ocr-system' content='tesseract 3.04.00' />
  <meta name='ocr-capabilities' content='ocr_page ocr_carea ocr_par ocr_line ocrx_word'/>
</head>
<body>
  <div class='ocr_page' id='page_1' title='image "./corneltacitilib00unkngoog_0188.png"; bbox 0 0 2475 4000; ppageno 0'>
   <div class='ocr_carea' id='block_1_1' title="bbox 412 185 1955 264">
    <p class='ocr_par' dir='ltr' id='par_1_1' title="bbox 412 185 1955 264">
     <span class='ocr_line' id='line_1_1' title="bbox 412 185 1955 264; baseline -0.005 0"><span class='ocrx_word' id='word_1_1' title='bbox 412 201 536 264; x_wconf 79' lang='lat'>128</span> <span class='ocrx_word' id='word_1_2' title='bbox 657 185 667 204; x_wconf 85' lang='lat'><em>&#39;</em></span> <span class='ocrx_word' id='word_1_3' title='bbox 826 252 835 264; x_wconf 78' lang='grc'><strong><em>,</em></strong></span> <span class='ocrx_word' id='word_1_4' title='bbox 944 195 1277 262; x_wconf 61' lang='lat' dir='ltr'>cortanna</span> <span class='ocrx_word' id='word_1_5' title='bbox 1315 187 1550 258; x_wconf 64' lang='lat' dir='ltr'>&#39;rncrrr</span> <span class='ocrx_word' id='word_1_6' title='bbox 1587 208 1955 258; x_wconf 76' lang='lat' dir='ltr'>ANNALIUM</span> 
     </span>
    </p>
   </div>
   <div class='ocr_carea' id='block_1_2' title="bbox 296 351 2428 2375">
    <p class='ocr_par' dir='ltr' id='par_1_2' title="bbox 296 351 2428 2375">
     <span class='ocr_line' id='line_1_2' title="bbox 406 351 2428 446; baseline -0.001 -19"><span class='ocrx_word' id='word_1_7' title='bbox 406 370 557 446; x_wconf 85' lang='lat' dir='ltr'>mina</span> <span class='ocrx_word' id='word_1_8' title='bbox 588 367 775 427; x_wconf 86' lang='lat' dir='ltr'>libero</span> <span class='ocrx_word' id='word_1_9' title='bbox 808 383 1053 442; x_wconf 80' lang='lat' dir='ltr'>egressu</span> <span class='ocrx_word' id='word_1_10' title='bbox 1092 363 1518 436; x_wconf 82' lang='lat' dir='ltr'>memorabant:</span> <span class='ocrx_word' id='word_1_11' title='bbox 1558 351 1728 426; x_wconf 86' lang='lat' dir='ltr'>nobis</span> <span class='ocrx_word' id='word_1_12' title='bbox 1766 367 1822 424; x_wconf 91' lang='lat' dir='ltr'>in</span> <span class='ocrx_word' id='word_1_13' title='bbox 1859 374 1984 426; x_wconf 85' lang='lat' dir='ltr'>arto</span> <span class='ocrx_word' id='word_1_14' title='bbox 2029 373 2089 424; x_wconf 87' lang='lat' dir='ltr'>et</span> <span class='ocrx_word' id='word_1_15' title='bbox 2126 364 2428 442; x_wconf 82' lang='lat' dir='ltr'>inglorius</span> 
     </span>
     <span class='ocr_line' id='line_1_3' title="bbox 410 447 2427 528; baseline -0.002 -16"><span class='ocrx_word' id='word_1_16' title='bbox 410 451 607 521; x_wconf 65' lang='lat' dir='ltr'>Iahon</span> <span class='ocrx_word' id='word_1_17' title='bbox 672 453 900 510; x_wconf 75' lang='lat' dir='ltr'>immota</span> <span class='ocrx_word' id='word_1_18' title='bbox 942 450 1171 528; x_wconf 74' lang='lat' dir='ltr'>quippe,</span> <span class='ocrx_word' id='word_1_19' title='bbox 1202 449 1574 526; x_wconf 62' lang='lat' dir='ltr'>autmodice</span> <span class='ocrx_word' id='word_1_20' title='bbox 1625 447 1898 510; x_wconf 85' lang='lat' dir='ltr'>lacessita</span> <span class='ocrx_word' id='word_1_21' title='bbox 1947 457 2095 528; x_wconf 83' lang='lat' dir='ltr'>pax&#39;,</span> <span class='ocrx_word' id='word_1_22' title='bbox 2151 459 2427 510; x_wconf 82' lang='lat' dir='ltr'>maestae</span> 
     </span>
     <span class='ocr_line' id='line_1_4' title="bbox 343 531 2428 612; baseline 0.001 -22"><span class='ocrx_word' id='word_1_23' title='bbox 343 550 391 590; x_wconf 79' lang='grc' dir='ltr'>ιο</span> <span class='ocrx_word' id='word_1_24' title='bbox 411 535 567 594; x_wconf 90' lang='lat' dir='ltr'>urbis</span> <span class='ocrx_word' id='word_1_25' title='bbox 596 554 692 594; x_wconf 89' lang='lat' dir='ltr'>res</span> <span class='ocrx_word' id='word_1_26' title='bbox 723 543 781 594; x_wconf 82' lang='lat' dir='ltr'>et</span> <span class='ocrx_word' id='word_1_27' title='bbox 819 535 1093 612; x_wconf 87' lang='lat' dir='ltr'>princeps</span> <span class='ocrx_word' id='word_1_28' title='bbox 1125 531 1461 610; x_wconf 81' lang='lat' dir='ltr'>proferendi</span> <span class='ocrx_word' id='word_1_29' title='bbox 1491 535 1697 611; x_wconf 89' lang='lat' dir='ltr'>imperi</span> <span class='ocrx_word' id='word_1_30' title='bbox 1726 535 2049 594; x_wconf 90' lang='lat' dir='ltr'>incuriosus</span> <span class='ocrx_word' id='word_1_31' title='bbox 2094 542 2246 593; x_wconf 85' lang='lat' dir='ltr'>erat.</span> <span class='ocrx_word' id='word_1_32' title='bbox 2307 550 2428 594; x_wconf 83' lang='lat' dir='ltr'>non</span> 
     </span>
     <span class='ocr_line' id='line_1_5' title="bbox 408 617 2424 697; baseline -0 -18"><span class='ocrx_word' id='word_1_33' title='bbox 408 629 597 679; x_wconf 87' lang='lat' dir='ltr'>tamen</span> <span class='ocrx_word' id='word_1_34' title='bbox 626 621 886 681; x_wconf 81' lang='lat' dir='ltr'>sineusu</span> <span class='ocrx_word' id='word_1_35' title='bbox 929 617 1101 678; x_wconf 87' lang='lat' dir='ltr'>fuerit</span> <span class='ocrx_word' id='word_1_36' title='bbox 1144 617 1531 695; x_wconf 80' lang='lat' dir='ltr'><strong>introspicere</strong></span> <span class='ocrx_word' id='word_1_37' title='bbox 1571 618 1668 677; x_wconf 90' lang='lat' dir='ltr'>illa</span> <span class='ocrx_word' id='word_1_38' title='bbox 1710 619 1896 697; x_wconf 86' lang='lat' dir='ltr'>primo</span> <span class='ocrx_word' id='word_1_39' title='bbox 1945 626 2192 696; x_wconf 88' lang='lat' dir='ltr'>aspectu</span> <span class='ocrx_word' id='word_1_40' title='bbox 2235 617 2424 692; x_wconf 83' lang='lat' dir='ltr'>levia,</span> 
     </span>
     <span class='ocr_line' id='line_1_6' title="bbox 408 704 1971 780; baseline -0.003 -18"><span class='ocrx_word' id='word_1_41' title='bbox 408 722 488 762; x_wconf 81' lang='lat' dir='ltr'>ex</span> <span class='ocrx_word' id='word_1_42' title='bbox 520 705 646 780; x_wconf 85' lang='lat' dir='ltr'>quis</span> <span class='ocrx_word' id='word_1_43' title='bbox 676 720 1008 779; x_wconf 83' lang='lat' dir='ltr'>magnarum</span> <span class='ocrx_word' id='word_1_44' title='bbox 1040 719 1220 778; x_wconf 86' lang='lat' dir='ltr'>saepe</span> <span class='ocrx_word' id='word_1_45' title='bbox 1249 718 1440 760; x_wconf 83' lang='lat' dir='ltr'>rerum</span> <span class='ocrx_word' id='word_1_46' title='bbox 1473 710 1660 761; x_wconf 86' lang='lat' dir='ltr'>motus</span> <span class='ocrx_word' id='word_1_47' title='bbox 1695 704 1971 761; x_wconf 85' lang='lat' dir='ltr'>oriuntur.</span> 
     </span>
     <span class='ocr_line' id='line_1_7' title="bbox 488 785 2424 864; baseline -0.002 -17"><span class='ocrx_word' id='word_1_48' title='bbox 488 805 496 818; x_wconf 66' lang='lat'>²</span> <span class='ocrx_word' id='word_1_49' title='bbox 530 787 631 848; x_wconf 88' lang='grc'>33.</span> <span class='ocrx_word' id='word_1_50' title='bbox 668 787 813 848; x_wconf 90' lang='lat' dir='ltr'>Nam</span> <span class='ocrx_word' id='word_1_51' title='bbox 858 794 1091 845; x_wconf 87' lang='lat' dir='ltr'>cunctas</span> <span class='ocrx_word' id='word_1_52' title='bbox 1132 787 1396 846; x_wconf 87' lang='lat' dir='ltr'>nationes</span> <span class='ocrx_word' id='word_1_53' title='bbox 1445 793 1504 842; x_wconf 89' lang='lat' dir='ltr'>et</span> <span class='ocrx_word' id='word_1_54' title='bbox 1545 786 1720 845; x_wconf 84' lang='lat' dir='ltr'>urbes</span> <span class='ocrx_word' id='word_1_55' title='bbox 1764 785 2014 864; x_wconf 87' lang='lat' dir='ltr'>populus</span> <span class='ocrx_word' id='word_1_56' title='bbox 2053 793 2151 844; x_wconf 85' lang='lat' dir='ltr'>ant</span> <span class='ocrx_word' id='word_1_57' title='bbox 2195 786 2424 863; x_wconf 82' lang='lat' dir='ltr'>primo-</span> 
     </span>
     <span class='ocr_line' id='line_1_8' title="bbox 402 861 2424 948; baseline -0.001 -18"><span class='ocrx_word' id='word_1_58' title='bbox 402 888 505 931; x_wconf 83' lang='lat' dir='ltr'>res</span> <span class='ocrx_word' id='word_1_59' title='bbox 534 881 629 931; x_wconf 88' lang='lat' dir='ltr'>aut</span> <span class='ocrx_word' id='word_1_60' title='bbox 665 869 876 948; x_wconf 81' lang='lat' dir='ltr'>singuli</span> <span class='ocrx_word' id='word_1_61' title='bbox 906 865 1143 946; x_wconf 70' lang='lat' dir='ltr'>regunt:</span> <span class='ocrx_word' id='word_1_62' title='bbox 1195 869 1426 930; x_wconf 89' lang='lat' dir='ltr'>delecta</span> <span class='ocrx_word' id='word_1_63' title='bbox 1467 887 1542 927; x_wconf 86' lang='lat' dir='ltr'>ex</span> <span class='ocrx_word' id='word_1_64' title='bbox 1581 871 1652 928; x_wconf 89' lang='lat' dir='ltr'>iis</span> <span class='ocrx_word' id='word_1_65' title='bbox 1693 878 1750 929; x_wconf 90' lang='lat' dir='ltr'>et</span> <span class='ocrx_word' id='word_1_66' title='bbox 1783 861 2127 929; x_wconf 49' lang='lat' dir='ltr'>‘consociata</span> <span class='ocrx_word' id='word_1_67' title='bbox 2168 870 2261 927; x_wconf 87' lang='lat' dir='ltr'>rei</span> <span class='ocrx_word' id='word_1_68' title='bbox 2317 888 2424 947; x_wconf 86' lang='lat' dir='ltr'>pu·</span> 
     </span>
     <span class='ocr_line' id='line_1_9' title="bbox 406 949 2422 1031; baseline -0.001 -15"><span class='ocrx_word' id='word_1_69' title='bbox 406 955 616 1016; x_wconf 87' lang='lat' dir='ltr'>blicae·</span> <span class='ocrx_word' id='word_1_70' title='bbox 645 955 827 1014; x_wconf 81' lang='lat' dir='ltr'>forma</span> <span class='ocrx_word' id='word_1_71' title='bbox 870 949 1089 1012; x_wconf 86' lang='lat' dir='ltr'>laudari</span> <span class='ocrx_word' id='word_1_72' title='bbox 1137 953 1367 1013; x_wconf 79' lang='lat' dir='ltr'><strong>facilius</strong></span> <span class='ocrx_word' id='word_1_73' title='bbox 1409 971 1576 1031; x_wconf 85' lang='lat' dir='ltr'>quam</span> <span class='ocrx_word' id='word_1_74' title='bbox 1615 955 1888 1028; x_wconf 75' lang='lat' dir='ltr'>evenire,</span> <span class='ocrx_word' id='word_1_75' title='bbox 1942 952 2042 1011; x_wconf 84' lang='lat' dir='ltr'>vel</span> <span class='ocrx_word' id='word_1_76' title='bbox 2103 954 2154 1010; x_wconf 87' lang='lat' dir='ltr'>si</span> <span class='ocrx_word' id='word_1_77' title='bbox 2193 955 2422 1029; x_wconf 83' lang='lat' dir='ltr'>evenit,</span> 
     </span>
     <span class='ocr_line' id='line_1_10' title="bbox 407 1034 2422 1116; baseline -0.002 -17"><span class='ocrx_word' id='word_1_78' title='bbox 407 1039 557 1099; x_wconf 90' lang='lat' dir='ltr'>haud</span> <span class='ocrx_word' id='word_1_79' title='bbox 591 1038 849 1098; x_wconf 83' lang='lat' dir='ltr'>diuturna</span> <span class='ocrx_word' id='word_1_80' title='bbox 881 1055 1013 1096; x_wconf 87' lang='lat' dir='ltr'>esse</span> <span class='ocrx_word' id='word_1_81' title='bbox 1047 1045 1260 1114; x_wconf 87' lang='lat' dir='ltr'>potest.</span> <span class='ocrx_word' id='word_1_82' title='bbox 1321 1037 1494 1113; x_wconf 83' lang='lat' dir='ltr'>igitur</span> <span class='ocrx_word' id='word_1_83' title='bbox 1541 1044 1600 1106; x_wconf 70' lang='lat' dir='ltr'>ut</span> <span class='ocrx_word' id='word_1_84' title='bbox 1645 1036 1779 1095; x_wconf 88' lang='lat' dir='ltr'>olim</span> <span class='ocrx_word' id='word_1_85' title='bbox 1821 1036 1996 1116; x_wconf 81' lang='lat' dir='ltr'>plebe</span> <span class='ocrx_word' id='word_1_86' title='bbox 2047 1034 2272 1110; x_wconf 84' lang='lat' dir='ltr'>valida,</span> <span class='ocrx_word' id='word_1_87' title='bbox 2325 1037 2422 1096; x_wconf 78' lang='lat' dir='ltr'>vel</span> 
     </span>
     <span class='ocr_line' id='line_1_11' title="bbox 358 1117 2421 1201; baseline -0.002 -18"><span class='ocrx_word' id='word_1_88' title='bbox 358 1141 542 1184; x_wconf 69' lang='lat' dir='ltr'>scum</span> <span class='ocrx_word' id='word_1_89' title='bbox 568 1131 771 1201; x_wconf 78' lang='lat' dir='ltr'>&#39;patres</span> <span class='ocrx_word' id='word_1_90' title='bbox 792 1121 1110 1200; x_wconf 83' lang='lat' dir='ltr'>pollerent,</span> <span class='ocrx_word' id='word_1_91' title='bbox 1142 1120 1438 1180; x_wconf 89' lang='lat' dir='ltr'>noscenda</span> <span class='ocrx_word' id='word_1_92' title='bbox 1469 1118 1629 1195; x_wconf 82' lang='lat' dir='ltr'>vulgi</span> <span class='ocrx_word' id='word_1_93' title='bbox 1667 1131 1868 1180; x_wconf 85' lang='lat' dir='ltr'>natura</span> <span class='ocrx_word' id='word_1_94' title='bbox 1897 1130 1956 1180; x_wconf 89' lang='lat' dir='ltr'>et</span> <span class='ocrx_word' id='word_1_95' title='bbox 1988 1117 2196 1197; x_wconf 90' lang='lat' dir='ltr'>quibus</span> <span class='ocrx_word' id='word_1_96' title='bbox 2225 1120 2421 1180; x_wconf 88' lang='lat' dir='ltr'>modis</span> 
     </span>
     <span class='ocr_line' id='line_1_12' title="bbox 404 1204 2423 1285; baseline -0.001 -19"><span class='ocrx_word' id='word_1_97' title='bbox 404 1215 799 1285; x_wconf 76' lang='lat' dir='ltr'>temperanter</span> <span class='ocrx_word' id='word_1_98' title='bbox 850 1204 1189 1280; x_wconf 81' lang='lat' dir='ltr'>haberetur,</span> <span class='ocrx_word' id='word_1_99' title='bbox 1249 1213 1597 1282; x_wconf 82' lang='lat' dir='ltr'>senatusque</span> <span class='ocrx_word' id='word_1_100' title='bbox 1646 1213 1705 1263; x_wconf 89' lang='lat' dir='ltr'>et</span> <span class='ocrx_word' id='word_1_101' title='bbox 1765 1206 2117 1283; x_wconf 82' lang='lat' dir='ltr'>optimatium</span> <span class='ocrx_word' id='word_1_102' title='bbox 2175 1206 2423 1281; x_wconf 83' lang='lat' dir='ltr'>ingenia</span> 
     </span>
     <span class='ocr_line' id='line_1_13' title="bbox 404 1287 2421 1368; baseline -0.001 -20"><span class='ocrx_word' id='word_1_103' title='bbox 404 1292 505 1367; x_wconf 83' lang='lat' dir='ltr'>qui</span> <span class='ocrx_word' id='word_1_104' title='bbox 552 1292 803 1349; x_wconf 85' lang='lat' dir='ltr'><strong>maxime</strong></span> <span class='ocrx_word' id='word_1_105' title='bbox 859 1288 1320 1368; x_wconf 82' lang='lat' dir='ltr'>perdidicerant,</span> <span class='ocrx_word' id='word_1_106' title='bbox 1383 1287 1570 1348; x_wconf 88' lang='lat' dir='ltr'>callidi</span> <span class='ocrx_word' id='word_1_107' title='bbox 1616 1295 1732 1347; x_wconf 83' lang='lat' dir='ltr'>tem</span> <span class='ocrx_word' id='word_1_108' title='bbox 1778 1305 1941 1348; x_wconf 85' lang='lat' dir='ltr'>orum</span> <span class='ocrx_word' id='word_1_109' title='bbox 1994 1297 2054 1346; x_wconf 88' lang='lat' dir='ltr'>et</span> <span class='ocrx_word' id='word_1_110' title='bbox 2111 1291 2421 1366; x_wconf 85' lang='lat' dir='ltr'>sapientes</span> 
     </span>
     <span class='ocr_line' id='line_1_14' title="bbox 408 1372 2422 1450; baseline -0 -19"><span class='ocrx_word' id='word_1_111' title='bbox 408 1372 812 1447; x_wconf 78' lang='lat' dir='ltr'>credebantur,</span> <span class='ocrx_word' id='word_1_112' title='bbox 852 1373 938 1431; x_wconf 90' lang='lat' dir='ltr'>sic</span> <span class='ocrx_word' id='word_1_113' title='bbox 970 1390 1258 1432; x_wconf 86' lang='lat' dir='ltr'>converso</span> <span class='ocrx_word' id='word_1_114' title='bbox 1294 1381 1444 1431; x_wconf 86' lang='lat' dir='ltr'>statu</span> <span class='ocrx_word' id='word_1_115' title='bbox 1473 1375 1670 1449; x_wconf 84' lang='lat' dir='ltr'>neque‘</span> <span class='ocrx_word' id='word_1_116' title='bbox 1700 1391 1731 1431; x_wconf 90' lang='lat' dir='ltr'>a</span> <span class='ocrx_word' id='word_1_117' title='bbox 1757 1374 1810 1436; x_wconf 89' lang='lat' dir='ltr'>ia</span> <span class='ocrx_word' id='word_1_118' title='bbox 1840 1391 1905 1432; x_wconf 92' lang='lat' dir='ltr'>re</span> <span class='ocrx_word' id='word_1_119' title='bbox 1936 1372 2192 1432; x_wconf 88' lang='lat' dir='ltr'>Romana</span> <span class='ocrx_word' id='word_1_120' title='bbox 2233 1390 2422 1450; x_wconf 81' lang='lat' dir='ltr'>quam</span> 
     </span>
     <span class='ocr_line' id='line_1_15' title="bbox 408 1447 2420 1533; baseline 0.001 -21"><span class='ocrx_word' id='word_1_121' title='bbox 408 1456 454 1513; x_wconf 92' lang='lat' dir='ltr'>si</span> <span class='ocrx_word' id='word_1_122' title='bbox 483 1473 627 1513; x_wconf 89' lang='lat' dir='ltr'>unus</span> <span class='ocrx_word' id='word_1_123' title='bbox 655 1456 965 1532; x_wconf 84' lang='lat' dir='ltr'>imperitet,</span> <span class='ocrx_word' id='word_1_124' title='bbox 998 1455 1145 1514; x_wconf 88' lang='lat' dir='ltr'>haec</span> <span class='ocrx_word' id='word_1_125' title='bbox 1180 1457 1441 1533; x_wconf 82' lang='lat' dir='ltr'>conquiri</span> <span class='ocrx_word' id='word_1_126' title='bbox 1473 1447 1734 1533; x_wconf 73' lang='lat' dir='ltr'>tradique</span> <span class='ocrx_word' id='word_1_127' title='bbox 1765 1459 1822 1514; x_wconf 92' lang='lat' dir='ltr'>in</span> <span class='ocrx_word' id='word_1_128' title='bbox 1850 1475 1974 1516; x_wconf 88' lang='lat' dir='ltr'>rem</span> <span class='ocrx_word' id='word_1_129' title='bbox 2023 1456 2226 1531; x_wconf 83' lang='lat' dir='ltr'>fuerit,</span> <span class='ocrx_word' id='word_1_130' title='bbox 2273 1458 2420 1532; x_wconf 82' lang='lat' dir='ltr'>quia</span> 
     </span>
     <span class='ocr_line' id='line_1_16' title="bbox 338 1538 2416 1617; baseline 0 -20"><span class='ocrx_word' id='word_1_131' title='bbox 338 1557 387 1597; x_wconf 72' lang='grc' dir='ltr'>ιο</span> <span class='ocrx_word' id='word_1_132' title='bbox 409 1539 575 1617; x_wconf 88' lang='lat' dir='ltr'>pauci</span> <span class='ocrx_word' id='word_1_133' title='bbox 608 1538 911 1617; x_wconf 89' lang='lat' dir='ltr'>prudentia</span> <span class='ocrx_word' id='word_1_134' title='bbox 940 1539 1185 1598; x_wconf 88' lang='lat' dir='ltr'>honesta</span> <span class='ocrx_word' id='word_1_135' title='bbox 1222 1538 1294 1598; x_wconf 88' lang='lat' dir='ltr'>ab</span> <span class='ocrx_word' id='word_1_136' title='bbox 1327 1538 1743 1615; x_wconf 85' lang='lat' dir='ltr'>deterioribus,</span> <span class='ocrx_word' id='word_1_137' title='bbox 1780 1541 1939 1600; x_wconf 85' lang='lat' dir='ltr'>utilia</span> <span class='ocrx_word' id='word_1_138' title='bbox 1965 1539 2040 1598; x_wconf 86' lang='lat' dir='ltr'>ab</span> <span class='ocrx_word' id='word_1_139' title='bbox 2068 1538 2260 1600; x_wconf 81' lang='lat' dir='ltr'>noxiis</span> <span class='ocrx_word' id='word_1_140' title='bbox 2291 1539 2416 1599; x_wconf 87' lang='lat' dir='ltr'>dis-</span> 
     </span>
     <span class='ocr_line' id='line_1_17' title="bbox 407 1621 2416 1701; baseline 0 -19"><span class='ocrx_word' id='word_1_141' title='bbox 407 1631 675 1697; x_wconf 86' lang='lat' dir='ltr'>cernunt,</span> <span class='ocrx_word' id='word_1_142' title='bbox 721 1621 920 1700; x_wconf 90' lang='lat' dir='ltr'>plures</span> <span class='ocrx_word' id='word_1_143' title='bbox 962 1621 1200 1681; x_wconf 87' lang='lat' dir='ltr'>aliorum</span> <span class='ocrx_word' id='word_1_144' title='bbox 1244 1623 1468 1682; x_wconf 86' lang='lat' dir='ltr'>eventis</span> <span class='ocrx_word' id='word_1_145' title='bbox 1501 1623 1804 1688; x_wconf 87' lang='lat' dir='ltr'>docentur.</span> <span class='ocrx_word' id='word_1_146' title='bbox 1879 1632 2136 1684; x_wconf 87' lang='lat' dir='ltr'>ceterum</span> <span class='ocrx_word' id='word_1_147' title='bbox 2175 1633 2241 1682; x_wconf 89' lang='lat' dir='ltr'>ut</span> <span class='ocrx_word' id='word_1_148' title='bbox 2272 1641 2416 1701; x_wconf 86' lang='lat' dir='ltr'>pro-</span> 
     </span>
     <span class='ocr_line' id='line_1_18' title="bbox 403 1703 2412 1784; baseline 0.001 -20"><span class='ocrx_word' id='word_1_149' title='bbox 403 1706 607 1782; x_wconf 81' lang='lat' dir='ltr'>futura,</span> <span class='ocrx_word' id='word_1_150' title='bbox 633 1707 710 1764; x_wconf 84' lang='lat' dir='ltr'>ita</span> <span class='ocrx_word' id='word_1_151' title='bbox 734 1707 1017 1766; x_wconf 87' lang='lat' dir='ltr'>minimum</span> <span class='ocrx_word' id='word_1_152' title='bbox 1043 1703 1456 1765; x_wconf 84' lang='lat' dir='ltr'>oblectationis</span> <span class='ocrx_word' id='word_1_153' title='bbox 1474 1706 1758 1767; x_wconf 84' lang='lat' dir='ltr'>adferunt.</span> <span class='ocrx_word' id='word_1_154' title='bbox 1811 1727 1940 1768; x_wconf 88' lang='lat' dir='ltr'>uam</span> <span class='ocrx_word' id='word_1_155' title='bbox 1966 1709 2108 1766; x_wconf 89' lang='lat' dir='ltr'>situs</span> <span class='ocrx_word' id='word_1_156' title='bbox 2132 1708 2412 1784; x_wconf 84' lang='lat' dir='ltr'>gentium,</span> 
     </span>
     <span class='ocr_line' id='line_1_19' title="bbox 405 1789 2408 1868; baseline 0.001 -21"><span class='ocrx_word' id='word_1_157' title='bbox 405 1790 713 1848; x_wconf 89' lang='lat' dir='ltr'>varietates</span> <span class='ocrx_word' id='word_1_158' title='bbox 747 1789 1132 1868; x_wconf 89' lang='lat' dir='ltr'>proeliorum,</span> <span class='ocrx_word' id='word_1_159' title='bbox 1181 1789 1324 1849; x_wconf 89' lang='lat' dir='ltr'>clari</span> <span class='ocrx_word' id='word_1_160' title='bbox 1355 1789 1558 1849; x_wconf 90' lang='lat' dir='ltr'>ducum</span> <span class='ocrx_word' id='word_1_161' title='bbox 1593 1793 1780 1851; x_wconf 78' lang='lat' dir='ltr'>exitus</span> <span class='ocrx_word' id='word_1_162' title='bbox 1823 1793 2071 1853; x_wconf 85' lang='lat' dir='ltr'>retinent</span> <span class='ocrx_word' id='word_1_163' title='bbox 2100 1809 2172 1851; x_wconf 87' lang='lat' dir='ltr'>ac</span> <span class='ocrx_word' id='word_1_164' title='bbox 2211 1791 2408 1850; x_wconf 79' lang='lat' dir='ltr'>redin-</span> 
     </span>
     <span class='ocr_line' id='line_1_20' title="bbox 380 1873 2406 1950; baseline 0.001 -19"><span class='ocrx_word' id='word_1_165' title='bbox 380 1875 633 1949; x_wconf 84' lang='lat' dir='ltr'>‘tegrant</span> <span class='ocrx_word' id='word_1_166' title='bbox 663 1873 980 1950; x_wconf 81' lang='lat' dir='ltr'>legentium</span> <span class='ocrx_word' id='word_1_167' title='bbox 1012 1875 1283 1934; x_wconf 86' lang='lat' dir='ltr'>animum:</span> <span class='ocrx_word' id='word_1_168' title='bbox 1317 1891 1426 1935; x_wconf 89' lang='lat' dir='ltr'>uos</span> <span class='ocrx_word' id='word_1_169' title='bbox 1457 1892 1631 1934; x_wconf 89' lang='lat' dir='ltr'>saeva</span> <span class='ocrx_word' id='word_1_170' title='bbox 1658 1877 1848 1950; x_wconf 85' lang='lat' dir='ltr'>iussa,</span> <span class='ocrx_word' id='word_1_171' title='bbox 1900 1876 2200 1935; x_wconf 89' lang='lat' dir='ltr'>continuas</span> <span class='ocrx_word' id='word_1_172' title='bbox 2231 1882 2406 1936; x_wconf 61' lang='lat' dir='ltr'>acen:</span> 
     </span>
     <span class='ocr_line' id='line_1_21' title="bbox 336 1957 2410 2038; baseline 0 -20"><span class='ocrx_word' id='word_1_173' title='bbox 336 1957 688 2034; x_wconf 74' lang='lat' dir='ltr'>issationes,</span> <span class='ocrx_word' id='word_1_174' title='bbox 734 1957 976 2019; x_wconf 77' lang='lat' dir='ltr'>fallaces</span> <span class='ocrx_word' id='word_1_175' title='bbox 1030 1960 1342 2035; x_wconf 80' lang='lat' dir='ltr'>amicitiaS,</span> <span class='ocrx_word' id='word_1_176' title='bbox 1388 1959 1704 2038; x_wconf 89' lang='lat' dir='ltr'>perniciem</span> <span class='ocrx_word' id='word_1_177' title='bbox 1745 1961 2134 2020; x_wconf 88' lang='lat' dir='ltr'>innocentium</span> <span class='ocrx_word' id='word_1_178' title='bbox 2181 1968 2243 2020; x_wconf 89' lang='lat' dir='ltr'>et</span> <span class='ocrx_word' id='word_1_179' title='bbox 2281 1977 2410 2020; x_wconf 85' lang='lat' dir='ltr'>eas-</span> 
     </span>
     <span class='ocr_line' id='line_1_22' title="bbox 404 2042 2412 2122; baseline 0 -21"><span class='ocrx_word' id='word_1_180' title='bbox 404 2042 533 2101; x_wconf 88' lang='lat' dir='ltr'>dem</span> <span class='ocrx_word' id='word_1_181' title='bbox 575 2043 730 2101; x_wconf 88' lang='lat' dir='ltr'>exitu</span> <span class='ocrx_word' id='word_1_182' title='bbox 773 2061 981 2102; x_wconf 81' lang='lat' dir='ltr'>causas</span> <span class='ocrx_word' id='word_1_183' title='bbox 1026 2045 1450 2122; x_wconf 82' lang='lat' dir='ltr'>coniungimus,</span> <span class='ocrx_word' id='word_1_184' title='bbox 1502 2042 1674 2104; x_wconf 85' lang='lat' dir='ltr'>obvia</span> <span class='ocrx_word' id='word_1_185' title='bbox 1720 2064 1910 2103; x_wconf 89' lang='lat' dir='ltr'>rerum</span> <span class='ocrx_word' id='word_1_186' title='bbox 1941 2044 2308 2104; x_wconf 86' lang='lat' dir='ltr'>similitudine</span> <span class='ocrx_word' id='word_1_187' title='bbox 2351 2052 2412 2102; x_wconf 85' lang='lat' dir='ltr'>et</span> 
     </span>
     <span class='ocr_line' id='line_1_23' title="bbox 296 2125 2406 2206; baseline 0 -22"><span class='ocrx_word' id='word_1_188' title='bbox 296 2125 301 2131; x_wconf 81' lang='grc'><strong>’</strong></span> <span class='ocrx_word' id='word_1_189' title='bbox 403 2128 685 2185; x_wconf 82' lang='lat' dir='ltr'>satietate.</span> <span class='ocrx_word' id='word_1_190' title='bbox 750 2134 865 2185; x_wconf 86' lang='lat' dir='ltr'>tum</span> <span class='ocrx_word' id='word_1_191' title='bbox 899 2126 1053 2204; x_wconf 86' lang='lat' dir='ltr'>quod</span> <span class='ocrx_word' id='word_1_192' title='bbox 1096 2130 1342 2206; x_wconf 84' lang='lat' dir='ltr'>antiquis</span> <span class='ocrx_word' id='word_1_193' title='bbox 1385 2128 1770 2205; x_wconf 85' lang='lat' dir='ltr'>scriptoribus</span> <span class='ocrx_word' id='word_1_194' title='bbox 1813 2128 2406 2201; x_wconf 80' lang='lat' dir='ltr'>rarusobtrectator,</span> 
     </span>
     <span class='ocr_line' id='line_1_24' title="bbox 400 2208 2408 2288; baseline 0.001 -23"><span class='ocrx_word' id='word_1_195' title='bbox 400 2222 589 2285; x_wconf 85' lang='lat' dir='ltr'>neque</span> <span class='ocrx_word' id='word_1_196' title='bbox 644 2208 829 2267; x_wconf 84' lang='lat' dir='ltr'>refert</span> <span class='ocrx_word' id='word_1_197' title='bbox 890 2212 1220 2288; x_wconf 86' lang='lat' dir='ltr'>cuiusquam</span> <span class='ocrx_word' id='word_1_198' title='bbox 1275 2210 1518 2273; x_wconf 89' lang='lat' dir='ltr'>Punicas</span> <span class='ocrx_word' id='word_1_199' title='bbox 1558 2212 1924 2281; x_wconf 85' lang='lat' dir='ltr'>Romanasve</span> <span class='ocrx_word' id='word_1_200' title='bbox 1981 2215 2142 2273; x_wconf 86' lang='lat' dir='ltr'>acies</span> <span class='ocrx_word' id='word_1_201' title='bbox 2200 2213 2408 2272; x_wconf 86' lang='lat' dir='ltr'>laetius</span> 
     </span>
     <span class='ocr_line' id='line_1_25' title="bbox 404 2291 2406 2375; baseline 0.002 -27"><span class='ocrx_word' id='word_1_202' title='bbox 404 2291 812 2359; x_wconf 49' lang='lat' dir='ltr'>extulerisiat,</span> <span class='ocrx_word' id='word_1_203' title='bbox 834 2293 1167 2369; x_wconf 85' lang='lat' dir='ltr'>multorum,</span> <span class='ocrx_word' id='word_1_204' title='bbox 1202 2296 1298 2372; x_wconf 91' lang='lat' dir='ltr'>qui</span> <span class='ocrx_word' id='word_1_205' title='bbox 1333 2294 1567 2355; x_wconf 88' lang='lat' dir='ltr'>Tiberio</span> <span class='ocrx_word' id='word_1_206' title='bbox 1599 2306 1844 2373; x_wconf 84' lang='lat' dir='ltr'>regente</span> <span class='ocrx_word' id='word_1_207' title='bbox 1888 2314 2136 2375; x_wconf 87' lang='lat' dir='ltr'>poenam</span> <span class='ocrx_word' id='word_1_208' title='bbox 2181 2296 2276 2355; x_wconf 86' lang='lat' dir='ltr'>vel</span> <span class='ocrx_word' id='word_1_209' title='bbox 2323 2296 2406 2353; x_wconf 89' lang='lat' dir='ltr'>in-</span> 
     </span>
    </p>
   </div>
   <div class='ocr_carea' id='block_1_3' title="bbox 232 2373 2410 2458">
    <p class='ocr_par' dir='ltr' id='par_1_3' title="bbox 232 2373 2410 2458">
     <span class='ocr_line' id='line_1_26' title="bbox 232 2373 2410 2458; baseline 0.001 -23"><span class='ocrx_word' id='word_1_210' title='bbox 232 2373 239 2383; x_wconf 88' lang='lat'><em>&#39;</em></span> <span class='ocrx_word' id='word_1_211' title='bbox 285 2449 288 2452; x_wconf 20' lang='lat'><strong>¹</strong></span> <span class='ocrx_word' id='word_1_212' title='bbox 325 2395 382 2435; x_wconf 59' lang='grc' dir='ltr'>πο</span> <span class='ocrx_word' id='word_1_213' title='bbox 399 2374 603 2433; x_wconf 69' lang='lat' dir='ltr'>samias</span> <span class='ocrx_word' id='word_1_214' title='bbox 648 2375 911 2451; x_wconf 89' lang='lat' dir='ltr'>subiere,</span> <span class='ocrx_word' id='word_1_215' title='bbox 971 2380 1191 2454; x_wconf 87' lang='lat' dir='ltr'>posteri</span> <span class='ocrx_word' id='word_1_216' title='bbox 1232 2389 1477 2439; x_wconf 88' lang='lat' dir='ltr'>manent.</span> <span class='ocrx_word' id='word_1_217' title='bbox 1551 2388 1729 2458; x_wconf 64' lang='lat' dir='ltr'>‘utque</span> <span class='ocrx_word' id='word_1_218' title='bbox 1785 2380 2036 2441; x_wconf 86' lang='lat' dir='ltr'>familiae</span> <span class='ocrx_word' id='word_1_219' title='bbox 2087 2382 2248 2457; x_wconf 86' lang='lat' dir='ltr'>ipsae</span> <span class='ocrx_word' id='word_1_220' title='bbox 2289 2380 2410 2437; x_wconf 85' lang='lat' dir='ltr'>iam</span> 
     </span>
    </p>
   </div>
   <div class='ocr_carea' id='block_1_4' title="bbox 322 2458 2412 3553">
    <p class='ocr_par' dir='ltr' id='par_1_4' title="bbox 402 2458 2410 2541">
     <span class='ocr_line' id='line_1_27' title="bbox 402 2458 2410 2541; baseline 0.003 -26"><span class='ocrx_word' id='word_1_221' title='bbox 402 2458 691 2541; x_wconf 69' lang='lat' dir='ltr'>extinctae</span> <span class='ocrx_word' id='word_1_222' title='bbox 735 2462 878 2535; x_wconf 89' lang='lat' dir='ltr'>sint,</span> <span class='ocrx_word' id='word_1_223' title='bbox 930 2462 1193 2539; x_wconf 84' lang='lat' dir='ltr'>reperies</span> <span class='ocrx_word' id='word_1_224' title='bbox 1235 2460 1330 2538; x_wconf 71' lang='lat' dir='ltr'>q&#39;ui</span> <span class='ocrx_word' id='word_1_225' title='bbox 1375 2462 1450 2522; x_wconf 92' lang='lat' dir='ltr'>ob</span> <span class='ocrx_word' id='word_1_226' title='bbox 1491 2463 1916 2535; x_wconf 75' lang='lat' dir='ltr'>similitudinem.</span> <span class='ocrx_word' id='word_1_227' title='bbox 1952 2482 2168 2524; x_wconf 84' lang='lat' dir='ltr'>morum</span> <span class='ocrx_word' id='word_1_228' title='bbox 2207 2462 2410 2521; x_wconf 86' lang='lat' dir='ltr'>aliena</span> 
     </span>
    </p>

    <p class='ocr_par' dir='ltr' id='par_1_5' title="bbox 398 2540 2406 2625">
     <span class='ocr_line' id='line_1_28' title="bbox 398 2540 2406 2625; baseline 0.002 -26"><span class='ocrx_word' id='word_1_229' title='bbox 398 2540 707 2602; x_wconf 86' lang='lat' dir='ltr'>malefacta</span> <span class='ocrx_word' id='word_1_230' title='bbox 738 2543 851 2603; x_wconf 90' lang='lat' dir='ltr'>sibi</span> <span class='ocrx_word' id='word_1_231' title='bbox 877 2542 1159 2604; x_wconf 89' lang='lat' dir='ltr'>obiectari</span> <span class='ocrx_word' id='word_1_232' title='bbox 1193 2554 1412 2622; x_wconf 86' lang='lat' dir='ltr'>putent.</span> <span class='ocrx_word' id='word_1_233' title='bbox 1474 2550 1643 2607; x_wconf 82' lang='lat' dir='ltr'>etiam</span> <span class='ocrx_word' id='word_1_234' title='bbox 1673 2548 1863 2625; x_wconf 86' lang='lat' dir='ltr'>gloria</span> <span class='ocrx_word' id='word_1_235' title='bbox 1897 2568 1966 2609; x_wconf 87' lang='lat' dir='ltr'>ac</span> <span class='ocrx_word' id='word_1_236' title='bbox 2009 2550 2184 2607; x_wconf 85' lang='lat' dir='ltr'>virtus</span> <span class='ocrx_word' id='word_1_237' title='bbox 2215 2546 2406 2605; x_wconf 80' lang='lat' dir='ltr'>infen-</span> 
     </span>
    </p>

    <p class='ocr_par' dir='ltr' id='par_1_6' title="bbox 322 2625 2410 2786">
     <span class='ocr_line' id='line_1_29' title="bbox 398 2625 2410 2709; baseline 0.002 -25"><span class='ocrx_word' id='word_1_238' title='bbox 398 2642 501 2685; x_wconf 88' lang='lat' dir='ltr'>sos</span> <span class='ocrx_word' id='word_1_239' title='bbox 534 2625 740 2702; x_wconf 87' lang='lat' dir='ltr'>habet,</span> <span class='ocrx_word' id='word_1_240' title='bbox 787 2637 847 2686; x_wconf 86' lang='lat' dir='ltr'>ut</span> <span class='ocrx_word' id='word_1_241' title='bbox 888 2629 1054 2685; x_wconf 89' lang='lat' dir='ltr'>nimis</span> <span class='ocrx_word' id='word_1_242' title='bbox 1094 2646 1183 2706; x_wconf 72' lang='lat' dir='ltr'>¹eut.</span> <span class='ocrx_word' id='word_1_243' title='bbox 1218 2631 1546 2708; x_wconf 90' lang='lat' dir='ltr'>propinquo</span> <span class='ocrx_word' id='word_1_244' title='bbox 1594 2631 1824 2692; x_wconf 79' lang='lat' dir='ltr'>diversa</span> <span class='ocrx_word' id='word_1_245' title='bbox 1865 2650 2138 2709; x_wconf 85' lang='lat' dir='ltr'>arguens.</span> <span class='ocrx_word' id='word_1_246' title='bbox 2199 2629 2306 2690; x_wconf 83' lang='lat' dir='ltr'>sed</span> <span class='ocrx_word' id='word_1_247' title='bbox 2333 2629 2410 2689; x_wconf 85' lang='lat' dir='ltr'>ad</span> 
     </span>
     <span class='ocr_line' id='line_1_30' title="bbox 322 2710 1975 2786; baseline 0.006 -22"><span class='ocrx_word' id='word_1_248' title='bbox 322 2758 326 2764; x_wconf 87' lang='lat'><strong>.</strong></span> <span class='ocrx_word' id='word_1_249' title='bbox 400 2710 688 2786; x_wconf 89' lang='lat' dir='ltr'>inceptum</span> <span class='ocrx_word' id='word_1_250' title='bbox 727 2711 929 2770; x_wconf 79' lang='lat' dir='ltr'>reden.</span> <span class='ocrx_word' id='word_1_251' title='bbox 1971 2770 1975 2774; x_wconf 91' lang='grc'><em>,</em></span> 
     </span>
    </p>

    <p class='ocr_par' dir='ltr' id='par_1_7' title="bbox 398 2791 2412 3113">
     <span class='ocr_line' id='line_1_31' title="bbox 525 2791 2408 2878; baseline 0.003 -27"><span class='ocrx_word' id='word_1_252' title='bbox 525 2792 624 2853; x_wconf 90' lang='grc'>34.</span> <span class='ocrx_word' id='word_1_253' title='bbox 670 2792 946 2854; x_wconf 87' lang='lat' dir='ltr'>Cornelio</span> <span class='ocrx_word' id='word_1_254' title='bbox 998 2791 1185 2854; x_wconf 87' lang='lat' dir='ltr'>Cosso</span> <span class='ocrx_word' id='word_1_255' title='bbox 1227 2795 1433 2877; x_wconf 82' lang='lat' dir='ltr'>Asinio</span> <span class='ocrx_word' id='word_1_256' title='bbox 1477 2798 1744 2878; x_wconf 83' lang='lat' dir='ltr'>Agrippa</span> <span class='ocrx_word' id='word_1_257' title='bbox 1791 2800 2125 2861; x_wconf 85' lang='lat' dir='ltr'>consulibus</span> <span class='ocrx_word' id='word_1_258' title='bbox 2172 2798 2408 2860; x_wconf 85' lang='lat' dir='ltr'>Cremn-</span> 
     </span>
     <span class='ocr_line' id='line_1_32' title="bbox 399 2873 2408 2961; baseline 0.003 -27"><span class='ocrx_word' id='word_1_259' title='bbox 399 2876 509 2934; x_wconf 90' lang='lat' dir='ltr'>tius</span> <span class='ocrx_word' id='word_1_260' title='bbox 544 2873 769 2937; x_wconf 87' lang='lat' dir='ltr'>Cordus</span> <span class='ocrx_word' id='word_1_261' title='bbox 800 2876 1146 2954; x_wconf 83' lang='lat' dir='ltr'>postulatur,</span> <span class='ocrx_word' id='word_1_262' title='bbox 1178 2898 1336 2940; x_wconf 86' lang='lat' dir='ltr'>novo</span> <span class='ocrx_word' id='word_1_263' title='bbox 1375 2900 1450 2941; x_wconf 90' lang='lat' dir='ltr'>ac·</span> <span class='ocrx_word' id='word_1_264' title='bbox 1479 2892 1613 2943; x_wconf 85' lang='lat' dir='ltr'>tunc</span> <span class='ocrx_word' id='word_1_265' title='bbox 1644 2885 1886 2961; x_wconf 89' lang='lat' dir='ltr'>primum</span> <span class='ocrx_word' id='word_1_266' title='bbox 1917 2886 2110 2945; x_wconf 89' lang='lat' dir='ltr'>audito</span> <span class='ocrx_word' id='word_1_267' title='bbox 2143 2886 2408 2956; x_wconf 84' lang='lat' dir='ltr'>crimine,</span> 
     </span>
     <span class='ocr_line' id='line_1_33' title="bbox 398 2960 2408 3044; baseline 0.004 -27"><span class='ocrx_word' id='word_1_268' title='bbox 398 2960 555 3036; x_wconf 89' lang='lat' dir='ltr'>quod</span> <span class='ocrx_word' id='word_1_269' title='bbox 600 2962 779 3025; x_wconf 79' lang='lat' dir='ltr'>editis,</span> <span class='ocrx_word' id='word_1_270' title='bbox 811 2960 1109 3020; x_wconf 89' lang='lat' dir='ltr'>annalibus</span> <span class='ocrx_word' id='word_1_271' title='bbox 1153 2963 1500 3044; x_wconf 85' lang='lat' dir='ltr'>laudatoque</span> <span class='ocrx_word' id='word_1_272' title='bbox 1539 2966 1615 3026; x_wconf 89' lang='grc' dir='ltr'>Μ.</span> <span class='ocrx_word' id='word_1_273' title='bbox 1659 2966 1835 3027; x_wconf 86' lang='lat' dir='ltr'>Bruto</span> <span class='ocrx_word' id='word_1_274' title='bbox 1878 2968 1946 3029; x_wconf 87' lang='lat' dir='ltr'>C.</span> <span class='ocrx_word' id='word_1_275' title='bbox 1993 2968 2256 3030; x_wconf 87' lang='lat' dir='ltr'>Cassium</span> <span class='ocrx_word' id='word_1_276' title='bbox 2287 2968 2408 3027; x_wconf 91' lang='lat' dir='ltr'>Ro-</span> 
     </span>
     <span class='ocr_line' id='line_1_34' title="bbox 398 3044 2412 3113; baseline 0.003 -12"><span class='ocrx_word' id='word_1_277' title='bbox 398 3060 690 3103; x_wconf 89' lang='lat' dir='ltr'>manorum</span> <span class='ocrx_word' id='word_1_278' title='bbox 724 3044 974 3103; x_wconf 87' lang='lat' dir='ltr'>ultimum</span> <span class='ocrx_word' id='word_1_279' title='bbox 1006 3044 1267 3107; x_wconf 84' lang='lat' dir='ltr'>dixisset.</span> <span class='ocrx_word' id='word_1_280' title='bbox 1337 3050 1687 3110; x_wconf 87' lang='lat' dir='ltr'>accusabant</span> <span class='ocrx_word' id='word_1_281' title='bbox 1732 3052 1952 3113; x_wconf 89' lang='lat' dir='ltr'>Satrius</span> <span class='ocrx_word' id='word_1_282' title='bbox 1999 3051 2300 3113; x_wconf 86' lang='lat' dir='ltr'>Secundus</span> <span class='ocrx_word' id='word_1_283' title='bbox 2351 3059 2412 3109; x_wconf 87' lang='lat' dir='ltr'>et</span> 
     </span>
    </p>

    <p class='ocr_par' dir='ltr' id='par_1_8' title="bbox 339 3126 2410 3462">
     <span class='ocr_line' id='line_1_35' title="bbox 339 3126 2409 3213; baseline 0.005 -28"><span class='ocrx_word' id='word_1_284' title='bbox 339 3140 371 3177; x_wconf 68' lang='lat'>5</span> <span class='ocrx_word' id='word_1_285' title='bbox 400 3126 658 3187; x_wconf 83' lang='lat' dir='ltr'>Pinarius</span> <span class='ocrx_word' id='word_1_286' title='bbox 690 3127 878 3205; x_wconf 83' lang='lat' dir='ltr'>Natta,</span> <span class='ocrx_word' id='word_1_287' title='bbox 910 3130 1101 3189; x_wconf 87' lang='lat' dir='ltr'>Seiani</span> <span class='ocrx_word' id='word_1_288' title='bbox 1136 3131 1401 3192; x_wconf 83' lang='lat' dir='ltr'>clientes.</span> <span class='ocrx_word' id='word_1_289' title='bbox 1463 3134 1520 3195; x_wconf 89' lang='lat' dir='ltr'>id</span> <span class='ocrx_word' id='word_1_290' title='bbox 1556 3135 1935 3213; x_wconf 86' lang='lat' dir='ltr'>perniciabile</span> <span class='ocrx_word' id='word_1_291' title='bbox 1978 3154 2118 3213; x_wconf 88' lang='lat' dir='ltr'>reo,</span> <span class='ocrx_word' id='word_1_292' title='bbox 2165 3146 2225 3195; x_wconf 88' lang='lat' dir='ltr'>et</span> <span class='ocrx_word' id='word_1_293' title='bbox 2259 3134 2409 3195; x_wconf 85' lang='lat' dir='ltr'>Cae·</span> 
     </span>
     <span class='ocr_line' id='line_1_36' title="bbox 402 3206 2408 3297; baseline 0.005 -29"><span class='ocrx_word' id='word_1_294' title='bbox 402 3228 498 3271; x_wconf 87' lang='lat' dir='ltr'>sar</span> <span class='ocrx_word' id='word_1_295' title='bbox 532 3213 678 3271; x_wconf 84' lang='lat' dir='ltr'>truci</span> <span class='ocrx_word' id='word_1_296' title='bbox 712 3212 867 3271; x_wconf 76' lang='lat' dir='ltr'>vultu</span> <span class='ocrx_word' id='word_1_297' title='bbox 896 3206 1295 3275; x_wconf 87' lang='lat' dir='ltr'>defensionem</span> <span class='ocrx_word' id='word_1_298' title='bbox 1320 3219 1636 3296; x_wconf 81' lang='lat' dir='ltr'>accipiens,</span> <span class='ocrx_word' id='word_1_299' title='bbox 1670 3237 1836 3297; x_wconf 89' lang='lat' dir='ltr'>quam</span> <span class='ocrx_word' id='word_1_300' title='bbox 1853 3216 2204 3295; x_wconf 76' lang='lat' dir='ltr'>Cremutius,</span> <span class='ocrx_word' id='word_1_301' title='bbox 2229 3211 2408 3279; x_wconf 79' lang='lat' dir='ltr'>r&#39;elin-</span> 
     </span>
     <span class='ocr_line' id='line_1_37' title="bbox 401 3295 2410 3375; baseline 0.004 -23"><span class='ocrx_word' id='word_1_302' title='bbox 401 3295 661 3371; x_wconf 88' lang='lat' dir='ltr'>quendae</span> <span class='ocrx_word' id='word_1_303' title='bbox 692 3298 844 3355; x_wconf 83' lang='lat' dir='ltr'>vitae</span> <span class='ocrx_word' id='word_1_304' title='bbox 878 3309 1104 3375; x_wconf 82' lang='lat' dir='ltr'>certus,</span> <span class='ocrx_word' id='word_1_305' title='bbox 1148 3302 1205 3359; x_wconf 90' lang='lat' dir='ltr'>in</span> <span class='ocrx_word' id='word_1_306' title='bbox 1246 3300 1397 3361; x_wconf 88' lang='lat' dir='ltr'>hunc</span> <span class='ocrx_word' id='word_1_307' title='bbox 1439 3302 1664 3361; x_wconf 88' lang='lat' dir='ltr'>modum</span> <span class='ocrx_word' id='word_1_308' title='bbox 1708 3322 1954 3365; x_wconf 76' lang='lat' dir='ltr'>exorsus</span> <span class='ocrx_word' id='word_1_309' title='bbox 1999 3314 2120 3366; x_wconf 86' lang='lat' dir='ltr'>est:</span> <span class='ocrx_word' id='word_1_310' title='bbox 2182 3302 2410 3364; x_wconf 70' lang='lat' dir='ltr'>‘verba</span> 
     </span>
     <span class='ocr_line' id='line_1_38' title="bbox 397 3386 2409 3462; baseline 0.006 -29"><span class='ocrx_word' id='word_1_311' title='bbox 397 3392 556 3453; x_wconf 85' lang='lat' dir='ltr'>mea,</span> <span class='ocrx_word' id='word_1_312' title='bbox 592 3389 787 3457; x_wconf 88' lang='lat' dir='ltr'>patres</span> <span class='ocrx_word' id='word_1_313' title='bbox 832 3386 1177 3462; x_wconf 85' lang='lat' dir='ltr'>conscripti,</span> <span class='ocrx_word' id='word_1_314' title='bbox 1216 3394 1560 3461; x_wconf 85' lang='lat' dir='ltr'>arguuntur:</span> <span class='ocrx_word' id='word_1_315' title='bbox 1602 3386 1749 3448; x_wconf 89' lang='lat' dir='ltr'>adeo</span> <span class='ocrx_word' id='word_1_316' title='bbox 1789 3387 2076 3450; x_wconf 88' lang='lat' dir='ltr'>factorum</span> <span class='ocrx_word' id='word_1_317' title='bbox 2119 3390 2409 3449; x_wconf 84' lang='lat' dir='ltr'>innocens</span> 
     </span>
    </p>

    <p class='ocr_par' dir='ltr' id='par_1_9' title="bbox 354 3463 2406 3553">
     <span class='ocr_line' id='line_1_39' title="bbox 354 3463 2406 3553; baseline 0.008 -39"><span class='ocrx_word' id='word_1_318' title='bbox 354 3517 361 3532; x_wconf 63' lang='grc'><em>,</em></span> <span class='ocrx_word' id='word_1_319' title='bbox 396 3476 540 3519; x_wconf 85' lang='lat' dir='ltr'>sum.</span> <span class='ocrx_word' id='word_1_320' title='bbox 602 3463 707 3524; x_wconf 89' lang='lat' dir='ltr'>sed</span> <span class='ocrx_word' id='word_1_321' title='bbox 736 3482 924 3543; x_wconf 89' lang='lat' dir='ltr'>neque</span> <span class='ocrx_word' id='word_1_322' title='bbox 966 3467 1111 3545; x_wconf 76' lang='lat' dir='ltr'>haec</span> <span class='ocrx_word' id='word_1_323' title='bbox 1152 3469 1209 3525; x_wconf 89' lang='lat' dir='ltr'>in</span> <span class='ocrx_word' id='word_1_324' title='bbox 1253 3469 1571 3547; x_wconf 88' lang='lat' dir='ltr'>principem</span> <span class='ocrx_word' id='word_1_325' title='bbox 1617 3480 1712 3533; x_wconf 84' lang='lat' dir='ltr'>aut</span> <span class='ocrx_word' id='word_1_326' title='bbox 1755 3474 2035 3553; x_wconf 83' lang='lat' dir='ltr'>principis</span> <span class='ocrx_word' id='word_1_327' title='bbox 2077 3482 2406 3551; x_wconf 85' lang='lat' dir='ltr'>parentem,</span> 
     </span>
    </p>
   </div>
  </div>
 </body>
</html>
