2475 4000
806 243 1155 312 mnnnuv.
1203 243 1354 292 cAP.
1387 243 1584 298 5—9.
2021 219 2030 228 ’
2081 201 2202 298 1-17

193 401 344 462 ultor
377 397 738 460 metuebatur
777 392 891 457 non
932 398 1193 459 occultus
1236 398 1388 475 odii,
1431 407 1522 457 set
1565 399 1776 460 crebro
1821 419 2071 480 querens
2113 405 2192 464 in·
2217 422 2248 461 s
2281 394 2286 399 ’

194 484 402 545 columi
448 481 566 544 lilio
603 483 919 543 adiutorem
946 483 1171 561 imperii
1204 483 1376 542 alium
1406 483 1623 542 vocari.
1691 493 1749 544 et
1794 497 2060 564 quantum
2102 506 2192 547 su-

195 587 440 648 peresse
471 577 534 628 ut
563 568 798 643 collega
829 564 1094 626 dicatur?
1129 569 1343 645 primas
1373 566 1699 628 dominandi
1731 588 1870 650 spes
1899 567 1960 629 in‘
1984 571 2192 633 arduo:

190 653 282 712 ubi
318 655 401 712 sis
431 655 769 731 ingressus,
818 651 1029 711 adesse
1058 651 1243 720 studia
1288 661 1346 711 et
1385 653 1697 712 ministros.
1764 663 2057 716 exstructa
2086 659 2196 716 iam

194 746 401 837 sponte
432 737 740 836 ‘praefecti
788 745 1009 812 castra,
1052 735 1219 799 datos
1258 738 1316 794 in
1342 754 1563 797 manum
1591 736 1830 806 milites;
1877 742 2036 798 cerni
2071 741 2192 800 effi-

190 824 342 897 giem
391 821 518 880 eius
566 821 624 879 in
671 780 1033 880 monimentis
1083 818 1187 881 Cn
1228 819 1499 899 Pompei;
1557 839 1886 881 communes
1932 821 2015 881 illi
2065 841 2267 884 cumio

186 905 400 966 familia
457 903 778 964 Drusorum
824 904 955 964 fore
999 914 1278 984 nepotes:
1324 906 1674 984 precandam
1715 903 2031 1006 posthaec
2071 925 2191 968 mo-

190 989 463 1067 destiam,
500 997 559 1048 ut
593 998 897 1048 contentus
933 998 1109 1047 esset.
1172 1006 1363 1067 neque
1394 1007 1528 1049 raro
1561 1007 1753 1068 neque
1786 979 1937 1067 a'pud
1973 1007 2194 1068 paucos

188 1073 321 1133 talia
350 1072 639 1150 iaciebat,
688 1082 746 1132 et
776 1080 1009 1133 secreta
1038 1090 1269 1152 quoque
1303 1074 1426 1132 eius
1461 1082 1732 1152 corrupta
1763 1091 1947 1132 uxore
1984 1075 2193 1152 prode-

188 1156 411 1219 bantur.

311 1243 375 1304 8:
410 1241 594 1318 Igitur
627 1242 869 1301 Seianus
900 1239 1294 1314 maturandum
1321 1249 1478 1301 ratus
1510 1240 1715 1318 deligit
1741 1259 2042 1318 venenum,
2077 1260 2194 1321 quo
2259 1299 2274 1306 -

190 1326 460 1404 paulatim
492 1327 797 1402 inrepente
828 1326 1097 1383 fortuitus
1128 1324 1364 1383 morbus
1395 1324 1849 1384 adsimularetur.
1906 1324 1970 1384 Id
1999 1325 2192 1386 Druso

192 1409 372 1468 datum
406 1427 515 1488 per
546 1406 803 1485 Lygdum
834 1409 1182 1486 spadonem,
1230 1417 1291 1466 ut
1335 1417 1470 1467 octo
1515 1416 1650 1487 post
1685 1415 1867 1470 annos
1901 1412 2217 1486 cognitum,

192 1503 291 1550 est.
354 1501 616 1550 ceterum
648 1491 917 1550 Tiberius
949 1509 1056 1568 per
1085 1502 1286 1549 omnes
1317 1491 1659 1552 valetudinis
1692 1495 1815 1552 eius
1839 1494 1994 1570 dies,
2032 1494 2189 1554 nullo

190 1585 335 1634 metu
368 1593 442 1633 an
475 1583 535 1632 ut
568 1573 962 1633 firmitudinem
987 1575 1151 1632 animi
1175 1583 1516 1652 ostentaret,
1553 1579 1724 1636 etiam
1747 1577 2020 1636 defuncto
2049 1593 2230 1655 nec-'5

190 1658 312 1716 dum
343 1658 599 1736 sepulto,
633 1660 848 1717 curiam
878 1659 1177 1734 ingressus
1202 1668 1312 1718 est.
1383 1659 1770 1740 consulesque
1796 1661 1938 1720 sede
1960 1660 2188 1740 vul'gari

190 1761 291 1819 per
333 1743 599 1820 speciem
648 1743 967 1802 maestitiae
1012 1741 1283 1802 sedentes
1327 1743 1566 1824 honoris
1610 1743 1843 1822 locique
1875 1744 2188 1821 admonuit,
2270 1802 2276 1808 .

193 1834 244 1883 et
291 1825 534 1884 effusum
583 1827 637 1884 in
677 1827 945 1886 lacrimas
989 1836 1248 1886 senatum
1287 1829 1443 1887 victo
1476 1827 1693 1903 gemitu
1726 1828 1891 1888 simul
1927 1831 2191 1890 oratione

192 1911 457 1968 continua
494 1913 708 1970 erexit:
744 1927 860 1968 non
891 1909 1115 1987 quidem
1150 1911 1260 1970 sibi
1291 1912 1550 1986 ignarum
1583 1927 1763 1987 posse
1797 1914 2002 1988 argui,
2036 1912 2190 1991 quod

191 2002 295 2053 tam
323 1995 551 2059 recenti
584 1993 789 2055 dolore
817 1993 1060 2054 subierit·
1094 1993 1299 2054 oculos
1325 2002 1584 2054 senatus:
1617 1993 1715 2053 vix
1738 1998 2192 2072 propinquorum
2213 2006 2262 2047 1⁰

193 2077 453 2155 adloquia
484 2077 746 2154 tolerari,
780 2081 879 2138 vix
910 2079 1059 2138 diem
1090 2080 1273 2156 aspici
1307 2096 1339 2136 a
1372 2077 1670 2156 plerisque
1701 2077 2032 2155 lugentium.
2091 2097 2191 2138 ne-

193 2180 295 2239 que
332 2161 473 2223 illos
516 2162 910 2222 inbecillitatis
948 2162 1331 2221 damnandos:
1367 2180 1430 2221 se
1468 2170 1656 2222 tamen
1692 2163 1941 2222 fortiora
1973 2162 2214 2244 solacia·

192 2263 218 2303 e
259 2246 576 2323 complexu
621 2249 705 2305 rei
752 2246 1021 2325 publicae
1067 2246 1368 2324 petivisse.
1428 2248 1848 2326 miseratusque
1889 2247 2192 2325 Augustae
2255 2294 2258 2299 .

190 2338 502 2389 extremam
528 2340 839 2407 senectam,
860 2330 1059 2389 rudem
1084 2328 1270 2389 adhuc
1294 2339 1566 2408 nepotum
1592 2339 1648 2389 et
1670 2342 2011 2408 vergentem
2038 2340 2192 2391 aeta·
2325 2394 2330 2403 ,

186 2422 295 2471 tem
332 2432 528 2490 suam,
574 2423 637 2472 ut
656 2413 990 2474 Germanici
1030 2412 1229 2490 liberi,
1277 2414 1444 2473 unica
1487 2416 1876 2493 praesentium
1914 2415 2190 2475 malorum
2211 2424 2262 2465 1⁵

112 2544 119 2553 .
189 2495 547 2573 levamenta,
590 2497 999 2557 inducerentur
1043 2500 1268 2576 petivit.
1333 2501 1563 2575 egressi
1609 2498 1882 2558 consules
1919 2501 2190 2570 ,firmatos

188 2579 456 2659 adloquio
480 2580 949 2647 adulescentulos
982 2581 1380 2659 deductosque
1413 2591 1543 2641 ante
1579 2580 1890 2643 Caesarem
1921 2591 2188 2643 statuunt.

188 2664 391 2741 quibus
426 2664 729 2743 adprensis
762 2666 986 2745 ‘patres
1019 2667 1356 2744 conscripti,
1390 2664 1522 2725 hos’
1569 2668 1752 2744 inquit
1793 2665 2056 2726 ‘orbatos
2089 2684 2187 2744 pa-

185 2757 347 2808 rente
395 2749 602 2809 tradidi
638 2758 845 2829 patruo
886 2750 1145 2829 ipsorum
1191 2758 1584 2828 precatusque
1638 2767 1788 2827 sum,
1849 2767 2188 2848 quamquam
2312 2818 2316 2827 Ι

187 2840 341 2891 esset
381 2832 467 2891 illi
513 2834 753 2912 propria
794 2833 1066 2910 suboles,
1112 2853 1185 2893 ne
1238 2853 1409 2894 secus
1442 2852 1607 2913 quam
1652 2852 1812 2894 suum
1853 2836 2188 2909 sanguinem
2206 2847 2260 2889 20

66 2912 73 2923 '
184 2915 446 2993 foveret,
488 2917 817 2993 attolleret,
871 2917 1097 2997 sibique
1138 2927 1195 2977 et
1228 2920 1481 2998 posteris
1511 2920 1917 2979 conformaret
1983 2926 2188 2995 erepto

184 2996 373 3057 Druso
386 3001 611 3077 'preces
630 3001 701 3061 ad
723 3018 832 3060 vos
855 3011 1136 3073 converto
1163 3001 1367 3081 disque
1391 3010 1452 3061 et
1473 3005 1657 3081 patria
1683 3020 1875 3063 coram
1895 3000 2186 3061 obtestor:

89 3107 93 3113 ·
186 3080 433 3159 Augusti
464 3094 849 3164 pronepotes,
886 3086 1223 3147 clarissimis
1251 3084 1566 3146 maioribus
1597 3089 1849 3164 genitoS,
1888 3085 2187 3163 suscipite,

184 3170 402 3244 regite,
450 3177 704 3228 vestram
734 3188 1035 3248 meamque
1067 3169 1255 3229 vicem
1288 3169 1543 3248 explete.
1599 3170 1656 3230 hi
1695 3169 1897 3247 vobis,
1940 3162 2100 3228 Nero
2132 3178 2190 3227 et

180 3246 381 3327 Druse,
420 3263 719 3330 parentum
751 3252 907 3335 loco'.
974 3255 1053 3313 ita
1081 3254 1198 3313 nati
1227 3254 1386 3329 estis,
1422 3262 1482 3312 ut
1514 3252 1666 3313 bona
1701 3252 1964 3332 malaque
1991 3261 2186 3312 vestra
2203 3272 2259 3311 25

184 3332 249 3391 ad
278 3352 401 3393 rem
437 3336 724 3411 publicam
756 3340 1099 3417 pertineant.
1104 3342 1126 3370 '

298 3416 358 3477 9.
403 3419 619 3499 Magno
670 3440 737 3481 ea
781 3420 919 3481 fletu
962 3431 1021 3481 et
1062 3439 1198 3482 mox
1240 3420 1674 3501 precationibus
1719 3421 1924 3482 faustis
1966 3421 2184 3489 audita;

188 3513 253 3557 ac
292 3501 341 3560 si
379 3503 609 3565 modum
640 3508 909 3565 orationi
936 3506 1265 3585 posuisset,
1311 3506 1707 3567 misericordia
1751 3508 1837 3567 sui
1880 3504 2187 3586 gloriaque
