2475 4000
378 213 459 276 48
883 225 1211 274 conunnn
1238 199 1471 282 'rchrn
1497 225 1864 274 ANNALIUM

802 296 810 305 '
1561 305 1580 332 x

378 361 691 441 currere'ut.
750 387 950 438 noster
979 380 1274 439 exercitus
1297 380 1382 438 sic
1410 380 1676 439 incessit:
1709 379 2016 438 auxiliares
2047 378 2206 441 Galli
2241 377 2404 438 Ger·
2451 383 2453 428 ἶ

375 465 639 540 inanique
682 464 739 520 in
786 462 1011 538 fronte,
1057 472 1199 541 post·
1234 479 1380 541 quos
1423 464 1650 541 pedites
1683 463 1989 540 sagittarii;
2047 463 2182 522 dein
2221 474 2406 540 quat—

308 565 357 606 ιο
377 558 507 608 tuor
537 546 801 623 legiones
836 555 893 605 et
922 563 1048 606 cum
1076 546 1296 607 duabus
1328 547 1636 626 praetoriis
1667 545 2006 606 cohortibus
2037 565 2108 606 ac
2139 545 2404 605 delecto

376 633 565 710 equite
597 629 840 699 Caesam
889 632 1041 694 exim
1070 631 1308 690 totidem
1339 630 1486 690 aliae
1520 631 1788 707 legiones
1819 639 1877 690 et
1907 629 2054 690 levis
2087 640 2404 689 armatura
2454 658 2455 679 κ

377 734 503 776 cum
532 716 723 793 equite
752 714 1051 789 sagittario
1084 724 1433 792 ceteraeque
1456 715 1746 773 sociorum
1770 714 2060 774 cohortes.
2120 715 2404 772 intentus

374 808 721 879 paratusque
748 796 944 873 miles,
978 807 1037 856 ut
1067 799 1213 857 ordo
1245 799 1486 874 agminis
1515 797 1573 857 in
1605 799 1789 858 aciem
1817 796 2145 858 adsisteret.

500 885 597 943 17.
627 883 785 942 Visis
818 879 1244 942 Cheruscorum
1283 884 1564 959 catervis,
1610 899 1756 960 quae
1792 899 1898 960 per
1925 882 2214 942 ferociam
2251 897 2398 959 pro—

372 975 677 1046 ruperant,
727 964 1111 1025 validissimos
1154 965 1406 1043 equitum
1448 967 1748 1025 incurrere
1798 966 1978 1042 latus,
2041 964 2400 1039 Stertinium

374 1069 501 1112 cum
534 1050 747 1110 ceteris
774 1050 971 1110 turmis
1002 1048 1388 1126 circumgredi
1414 1057 1700 1127 tergaque
1727 1048 2002 1109 invadere
2025 1047 2215 1124 iubet,
2252 1050 2398 1127 ipse

370 1137 430 1194 in
463 1144 728 1215 tempore
760 1131 1074 1193 adfuturus.
1143 1136 1363 1193 interea
1397 1132 1835 1211 pulcherrimum
1873 1133 2204 1209 augurium,
2245 1141 2398 1192 octo

327 1243 353 1283 5
379 1219 605 1297 aquilae
637 1227 839 1297 petere
876 1218 1051 1277 silvas
1082 1226 1140 1277 et
1166 1219 1381 1276 intrare
1411 1218 1574 1278 visae
1603 1219 2010 1296 imperatorem
2039 1215 2394 1276 advertere.

374 1301 657 1362 exclamat
679 1303 853 1377 irent,
886 1312 1268 1380 sequerentur
1288 1302 1580 1360 Romanas
1603 1318 1743 1360 aves
1761 1347 1777 1377 ,
1814 1300 2052 1381 propria
2077 1300 2396 1376 legionum

372 1385 615 1444 numina.
690 1384 855 1443 simul
905 1385 1192 1462 pedestris
1238 1385 1396 1443 acies
1430 1384 1668 1443 infertur
1714 1393 1772 1444 et
1806 1384 2160 1462 praemissus
2191 1401 2392 1461 eques

372 1476 703 1547 postremos
746 1485 813 1526 ac
856 1466 1037 1528 latera
1082 1468 1323 1545 impulit.
1391 1469 1708 1546 mirumque
1749 1467 1934 1544 (ilem,
1979 1467 2092 1526 duo
2122 1467 2394 1526 hostium

373 1551 599 1634 agmina
640 1550 869 1610 diversa
914 1551 1084 1628 fuga,
1130 1553 1224 1629 qui
1267 1550 1470 1611 silvam
1509 1559 1844 1628 tenuerant,
1891 1554 1949 1610 in
1991 1559 2224 1630 aperta,
2289 1553 2392 1629 qui

307 1647 356 1691 ιο
381 1635 597 1732 campis
637 1633 994 1712 adstiterant,
1036 1637 1093 1702 in
1128 1635 1330 1695 silvam
1355 1634 1628 1695 Wruebant
1695 1635 1866 1694 medii
1901 1637 2050 1694 inter
2075 1634 2187 1694 hos
2225 1633 2389 1694 Che·

374 1720 527 1778 rusci
570 1716 823 1778 collibus
854 1681 1336 1795 detrudebautur,
1392 1721 1544 1778 inter
1592 1737 1742 1798 quos
1793 1720 2036 1796 insignis
2079 1718 2390 1777 Arminius

374 1818 541 1860 manu
579 1819 731 1861 voce
777 1802 1013 1862 vulnere
1046 1801 1404 1862 sustentabat
1447 1821 1717 1882 pugnam.
1787 1803 2248 1880 incubueratque
2285 1820 2386 1861 sa-

374 1886 647 1963 gittariiS,
678 1885 777 1946 illa
806 1896 1102 1964 rupturuS,
1132 1889 1188 1946 ni
1218 1887 1536 1948 Raetorum
1565 1885 2116 1965 Vindelicorumque
2145 1895 2210 1944 et
2243 1886 2388 1946 Gal-

374 1971 523 2031 licae
553 1971 826 2032 cohortes
856 1972 1021 2049 signa
1058 1969 1432 2033 obiecissent.
1503 1971 1627 2031 nisu
1669 1980 1858 2032 tamen
1887 1971 2152 2050 corporis
2187 1979 2250 2029 et
2278 1972 2387 2030 im-

307 2066 357 2112 15
378 2065 511 2136 petu
542 2058 673 2133 equi
706 2058 989 2133 pervasit,
1022 2055 1236 2117 oblitus
1268 2057 1477 2117 faciem
1507 2073 1612 2115 suo
1635 2073 1876 2134 cruore,
1909 2073 1983 2115 ue
2005 2064 2386 2115 nosceretur.

376 2138 602 2218 quidam
642 2138 929 2213 adgnitum
972 2158 1004 2199 a
1036 2139 1286 2200 Chaucis
1325 2141 1474 2200 inter
1511 2140 1724 2201 auxilia
1763 2141 2022 2201 Romana
2063 2139 2386 2215 agentibus

375 2224 759 2298 emissumque
788 2222 1159 2282 tradiderunt.
1234 2227 1416 2285 virtus
1447 2242 1550 2283 seu
1578 2224 1737 2285 fraus
1771 2225 1972 2284 eadem
1999 2222 2384 2299 Inguiomero

308 2300 323 2309 ”
376 2304 647 2380 effugium
676 2302 861 2363 dedit:
896 2308 1077 2369 ceteri
1105 2309 1318 2405 passim
1347 2308 1631 2368 trucidati.
1693 2318 1752 2368 et
1790 2310 2108 2386 plerosque
2136 2316 2384 2367 tranare

375 2389 669 2464 Visurgim
722 2398 1001 2448 conantes
1050 2392 1262 2451 iniecta
1313 2391 1432 2452 tela
1471 2401 1568 2452 aut
1607 2392 1699 2451 vis
1740 2393 2012 2469 fluminis,
2071 2400 2382 2470 postremo

303 2481 356 2521 2⁰
374 2472 559 2533 moles
581 2472 862 2533 ruentium
884 2481 945 2533 et
956 2473 1276 2534 incidentes
1289 2477 1453 2552 ripae
1478 2492 1785 2554 operuere.
1813 2475 2040 2557 quidam
2061 2476 2213 2553 turpi
2227 2474 2382 2550 fuga

373 2559 430 2616 in
444 2574 659 2618 summa
672 2554 940 2619 arborum
962 2559 1069 2616 nisi
1092 2559 1382 2635 ramisque
1406 2575 1472 2617 se
1497 2560 1854 2621 occultantes
1873 2559 2118 2620 admotis
2131 2559 2380 2635 sagitta-

373 2643 473 2701 riis
503 2660 609 2720 per
631 2640 931 2701 ludibrium
956 2640 1301 2718 figebantur,
1327 2640 1474 2701 alios
1501 2653 1773 2720 prorutae
1799 2643 2043 2703 arbores
2069 2641 2379 2702 adflixere.

504 2724 601 2786 18.
642 2726 859 2802 Magna
894 2743 963 2785 ea
1006 2726 1251 2784 victoria
1291 2742 1481 2803 neque
1511 2737 1748 2787 cruenta
1775 2727 1944 2787 nobis
1975 2727 2100 2787 fuit.
2171 2727 2380 2804 quinta

374 2808 446 2869 ab
494 2809 637 2869 hora
678 2809 791 2868 diei
834 2810 904 2869 ad
958 2817 1190 2869 noctem
1234 2810 1393 2869 caesi
1435 2810 1637 2871 hostes
1679 2812 1884 2871 decem
1912 2810 2066 2872 milia
2099 2828 2382 2889 passuum

374 2893 753 2953 cadaveribus
782 2902 955 2972 atque
991 2895 1162 2953 armis
1192 2893 1544 2972 opplevere,
1577 2898 1827 2976 repertis
1860 2897 2010 2955 inter
2043 2894 2238 2973 spolia
2272 2912 2380 2953 eo-

375 2996 497 3046 rum
536 2978 787 3054 catenis,
833 2994 974 3054 quas
1009 2978 1066 3036 in
1093 2977 1388 3038 Romanos
1417 2988 1477 3037 ut
1503 2998 1620 3039 non
1651 2978 1822 3039 dubio
1853 2986 2064 3040 eventu
2096 2987 2378 3057 portave—

322 3074 350 3115 5
374 3070 517 3121 rant.
587 3059 753 3120 miles
795 3060 852 3118 iii
891 3060 1027 3119 loco
1070 3060 1280 3159 proelii
1322 3060 1614 3123 Tiberium
1650 3066 2058 3143 imperatorem
2087 3058 2380 3123 salutavit

373 3145 693 3223 struxitque
742 3162 1023 3221 aggerem
1064 3154 1123 3205 et
1162 3146 1219 3204 in
1261 3146 1486 3207 modum
1526 3156 1897 3227 tropaeorum
1931 3166 2084 3208 arma
2113 3146 2376 3207 subscri·

375 3230 486 3306 ptis
514 3229 788 3289 victarum
826 3231 1078 3305 gentium
1108 3230 1428 3291 nominibus
1456 3232 1746 3321 imposuit.

500 3313 595 3373 19.
649 3311 810 3372 Haud
864 3314 1103 3392 perinde
1156 3308 1493 3374 Germanos
1522 3315 1794 3392 vulnera,
1849 3315 2071 3392 luctus,
2137 3312 2378 3373 excidia

374 3412 541 3472 quam
580 3414 651 3457 ea
693 3398 921 3475 species
954 3396 1159 3458 dolore
1202 3408 1262 3457 et
1288 3400 1373 3457 ira
1403 3396 1635 3458 adfecit.
1693 3400 1788 3477 qui
1817 3398 1990 3458 modo
2023 3397 2186 3458 abire
2217 3396 2376 3455 sedi-

372 3476 513 3556 bus,
544 3489 701 3541 trans
725 3479 920 3541 Albim
949 3480 1277 3542 concedere
1306 3480 1616 3561 parabant,
1659 3500 1910 3561 pugnam
1941 3483 2180 3559 volunt,
2212 3498 2376 3541 arma
