2475 4000
644 206 855 253 mnus
888 159 1003 255 XV.
1048 202 1201 258 car..
1230 206 1469 259 ιε’-29.
1820 262 1824 281 1
1919 195 2052 282 Ι291

66 361 245 422 bello-
262 378 451 439 neque
486 368 603 420 tum
634 361 867 437 omissa,
895 360 1025 420 dum
1054 361 1316 439 aspectui
1347 360 1658 421 consulitur
1687 370 1884 441 spreta
1920 378 2052 423 con·
2107 432 2114 441 ί

68 445 335 505 scientia.
400 446 535 521 quin
564 452 623 519 et
652 438 1066 519 dissimulandis
1098 462 1286 503 rerum
1315 452 1677 513 externarum
1713 447 1864 505 curis
1891 444 2051 506 Nero

64 531 411 588 frumentum
456 528 647 606 plebis
682 514 963 587 vetustate
996 535 1326 605 corruptum
1367 526 1705 589 iu¹Tiberim
1732 530 1897 605 iecit,
1937 547 2049 609 quo
2073 568 2099 607 5
2184 571 2190 577 ‚

66 614 440 673 securitatem
486 628 749 671 annonae
794 620 1158 671 sustentaret.
1222 612 1382 673 cuius
1410 613 1598 689 pretio
1640 610 1778 671 nihil
1807 611 2060 671 additum·

33 706 192 773 est,
238 690 499 773 quamvis
544 694 821 753 ducentas
862 696 1049 764 seme.
1084 713 1264 755 naves
1309 703 1477 774 portu
1517 696 1574 757 in
1608 694 1743 771 ipso
1783 696 2052 765 violentia

62 780 429 857 tempestatis
458 788 519 838 et
558 785 785 837 centum
828 779 971 839 alias
1016 774 1223 851 Tiberi}
1259 777 1566 857 subvectas
1599 778 1865 838 fortuitus
1903 780 2052 855 ignis

33 864 523 941 absumpsisset.
564 864 673 921 tris
712 862 846 922 dein
870 862 1250 939 consulares,
1296 862 1358 922 L.
1389 862 1689 938 Pisonem,
1737 856 2054 921 Ducenium

64 947 394 1023 Geminum,
448 945 785 1023 Pompeium
830 946 1123 1007 Paulinum
1170 946 1554 1023 vectigalibus
1597 945 1846 1024 publicis
1887 962 2049 1023 prae·
2073 980 2120 1025 ω

62 1032 297 1110 posuit,
342 1042 469 1089 cum
508 1028 889 1089 insectatione
928 1030 1183 1111 priorum
1226 1032 1577 1109 principum,
1627 1028 1724 1107 qui
1766 1030 2052 1106 gravitate

63 1122 388 1193 sumptuum
434 1114 618 1171 iustos
649 1112 867 1173 reditus
899 1114 1239 1175 anteissent:
1291 1132 1356 1173 se
1399 1130 1639 1175 annuum
1681 1113 2053 1191 sexcentieus

33 1242 36 1253 1
62 1200 395 1258 sestertium
424 1198 509 1255 rei
540 1194 809 1274 publicae
837 1196 1056 1273 largiri.
1397 1211 1402 1218 ·
1443 1240 1450 1252 .

188 1281 290 1341 19.
334 1278 789 1341 Percrebruerat
826 1296 899 1341 ea
939 1288 1283 1358 tempestate
1325 1279 1694 1356 pravissimus
1719 1294 1876 1355 moS,
1927 1296 2054 1338 cum

62 1364 410 1444 propinquis
438 1363 683 1423 comitiis
708 1370 803 1423 aut
824 1372 985 1423 sorte
1008 1364 1433 1442 provinciarum
1461 1362 1724 1442 plerique
1747 1362 1874 1423 orbi
1896 1363 2052 1422 fictis
2100 1406 2106 1413 .

60 1446 473 1527 adoptionibus
514 1446 909 1508 adsciscerent
945 1446 1129 1523 iiiios,
1174 1454 1680 1525 praeturasque-et
1725 1446 2051 1526 provincias
2137 1475 2141 1481 ·

60 1535 213 1592 inter
244 1540 441 1611 patres
472 1531 660 1592 sortiti
687 1532 876 1589 statim
906 1532 1227 1593 emitterent
1249 1547 1414 1589 manu
1437 1547 1584 1607 quos
1615 1530 2048 1609 adoptaverant.

60 1632 273 1693 magna
306 1632 435 1675 cum
464 1614 675 1675 invidia
709 1623 963 1675 senatum
988 1614 1216 1690 adeunt,
1247 1615 1335 1673 ius
1365 1622 1621 1691 naturae,
1655 1613 1891 1674 labores
1915 1610 2048 1671 edu·
2075 1646 2100 1686 5

64 1701 235 1760 candi
284 1698 566 1759 adversus
621 1697 879 1759 fraudem
932 1707 989 1781 et
1038 1707 1193 1759 artes
1244 1706 1302 1757 et
1349 1696 1690 1757 brevitatem
1725 1696 2048 1777 adoptionis
2074 1745 2081 1752 .

62 1790 421 1845 enumerant.
486 1784 623 1843 satis
658 1783 830 1861 pretii
857 1800 990 1843 esse
1016 1783 1177 1844 orbis
1202 1780 1357 1859 quod
1379 1780 1548 1841 multa
1573 1781 1896 1857 securitate,
1926 1778 2048 1840 nul·
2095 1854 2100 1860 ι

62 1867 133 1926 lis
178 1867 455 1927 oneribus
486 1868 728 1943 gratiam
755 1866 1011 1943 honores
1043 1874 1250 1933 cuncta
1277 1873 1543 1943 prompta
1586 1872 1646 1923 et
1675 1862 1846 1921 obvia
1874 1861 2047 1923 habe-

58 1959 211 2011 rent.
268 1950 376 2011 sibi
416 1952 702 2028 promissa
744 1950 939 2028 legum
974 1950 1069 2012 diu
1102 1956 1440 2028 exspectata
1477 1948 1534 2007 in
1558 1945 1858 2008 ludibrium
1878 1944 2046 2021 verti,

62 2035 303 2113 quando*
328 2036 455 2112 quis
482 2036 609 2096 sine
642 2033 1029 2095 sollicitudine
1060 2051 1297 2112 parens,
1327 2033 1450 2090 sine
1480 2030 1638 2090 luctu
1671 2028 1846 2089 orbus
1874 2027 2048 2104 longa
2069 2060 2118 2101 10
2169 2055 2174 2062 ·

59 2128 293 2196 patrum
324 2126 460 2176 vota
490 2127 731 2196 repente
764 2116 1133 2196 adaequaret.
1190 2116 1402 2176 factum
1437 2133 1512 2174 ex
1543 2131 1616 2173 eo
1649 2121 1881 2172 senatus
1915 2128 2048 2178 cou-

60 2200 313 2274 sultum,
344 2217 418 2258 ne
448 2201 707 2261 simulata
736 2201 975 2280 adoptio
1005 2203 1064 2261 in
1090 2200 1206 2260 ulla
1239 2208 1404 2277 parte
1437 2198 1686 2258 muneris
1719 2194 1936 2274 publici
1969 2194 2049 2253 iu-

57 2290 231 2344 varet
266 2301 334 2342 ac
365 2301 439 2341 ne
472 2285 812 2362 usurpandis
841 2283 1071 2362 quidem
1098 2283 1512 2356 hereditatibus
1541 2280 1868 2362 prodesset.
1978 2302 1982 2312 ·
2077 2355 2082 2360 ‚

192 2365 296 2428 20.
337 2365 504 2426 Exim
534 2365 803 2428 Claudius
833 2367 1162 2429 Timarchus
1198 2366 1494 2428 Cretensis
1521 2385 1656 2426 reus
1690 2365 1902 2441 agitur,
1955 2381 2048 2422 ce·
2181 2399 2186 2409 ·

60 2452 207 2511 teris
238 2451 601 2527 criminibus,
646 2460 705 2511 ut
732 2451 925 2514 solent
952 2451 1270 2531 praevalidi
1300 2449 1726 2529 provincialium
1759 2455 1814 2507 et
1845 2445 2068 2525 opibus

62 2535 253 2594 nimiis
282 2535 354 2594 ad
382 2535 615 2595 iniurias
648 2537 925 2596 minorum
958 2536 1123 2596 elati:
1156 2553 1264 2596 una
1297 2552 1415 2594 vox
1445 2534 1568 2593 eius
1597 2550 1778 2610 usque
1810 2528 1880 2590 ad
1913 2529 2047 2590 con-

64 2617 355 2679 tumeliam
400 2627 633 2680 senatus
678 2628 1115 2700 penetraverat,
1160 2619 1314 2697 quod
1355 2618 1672 2686 dictitasset
1715 2617 1770 2674 in
1811 2630 1912 2680 sua
1945 2630 2047 2692 po-

67 2711 279 2762 testate
314 2704 501 2779 situm,
530 2722 602 2764 an
634 2721 741 2783 pro
772 2703 1104 2765 consulibus
1132 2704 1231 2781 qui
1255 2701 1486 2762 Cretam
1515 2698 1892 2762 obtinuissent
1911 2713 2043 2772 gra·
2069 2733 2096 2772 5

64 2793 155 2844 tes
188 2796 517 2864 agerentur.
574 2805 747 2865 quam
780 2790 1148 2848 occasionem
1170 2788 1391 2848 Paetus
1426 2785 1682 2846 Thrasea
1723 2779 1793 2840 ad
1837 2779 2045 2838 bonum

68 2869 362 2946 publicum
392 2879 649 2945 vertens,
680 2880 984 2950 postquam
1004 2870 1079 2930 de
1100 2889 1205 2932 reo
1227 2877 1530 2931 censuerat
1553 2866 1851 2948 provincia
1877 2861 2050 2923 Creta

72 2952 506 3032 depellendum,
547 2954 694 3014 haec
740 2955 979 3016 addidit:
1023 2949 1161 3015 ‘'usu
1192 2953 1494 3037 probatum
1520 2960 1636 3027 est,
1679 2958 1874 3028 patres
1915 2963 2049 3005 con-

74 3039 306 3116 scripti,
344 3039 513 3115 leges
545 3040 819 3117 egregias
838 3085 856 3115 ,
888 3039 1155 3116 exempla
1181 3037 1423 3099 honesta
1451 3035 1604 3116 apud
1633 3033 1819 3094 bonos
1851 3049 1926 3090 ex
1953 3029 2048 3090 de-

71 3119 222 3181 lictis
252 3123 492 3182 aliorum
537 3125 717 3201 gigni.
782 3126 865 3184 sic
909 3132 1198 3198 oratorum
1224 3121 1471 3182 licentia
1503 3117 1758 3180 Cinciam
1793 3116 2120 3195 rogatio-210
2196 3158 2202 3164 -

70 3220 230 3283 nem,
280 3207 706 3268 candidatorum
745 3206 985 3271 ambitus
1012 3205 1185 3266 Iulias
1214 3206 1416 3282 leges,
1462 3206 1892 3282 magistratuum
1919 3203 2075 3259 ava·'
2183 3205 2200 3218 ‘

70 3288 197 3349 ritia
228 3287 538 3368 Calpurnia
573 3294 719 3354 scita
747 3298 1131 3370 pepererunt;
1166 3307 1296 3350 nam
1319 3289 1489 3368 culpa
1515 3303 1682 3368 quam
1705 3300 1889 3366 poena
1914 3291 2050 3342 tem-

74 3387 215 3448 pore
248 3375 435 3452 prior‚
480 3378 769 3438 emendari
810 3391 979 3454 quam
1006 3391 1260 3455 peccare
1290 3366 1577 3450 posterius
1609 3381 1714 3432 est.
1777 3387 1920 3446 ergo
1955 3365 2050 3429 ad·

72 3471 277 3516 versus
310 3475 517 3519 novam
546 3459 985 3546 proviviulium
1011 3457 1338 3538 superbiam
1368 3454 1744 3601 diguum1gd⁸e
1785 3463 2049 3514 constan·
2107 3461 2113 3468 ”
