2475 4000
366 149 491 212 228
886 157 1214 205 connnnn
1238 158 1471 216 TAcrrr
1496 158 1862 206 ANNALmM

369 313 628 375 honestis
671 329 741 370 an
785 310 957 370 secus
1001 313 1197 372 amicis
1240 319 1525 388 uteretur,
1591 315 1640 372 si
1683 313 1885 372 ducem
1929 318 2113 372 amota
2149 310 2324 370 invidia

370 398 694 474 egregium,
732 412 899 472 quam
930 397 980 454 si
1010 397 1392 474 pecuniosum·
1417 405 1476 454 et
1505 399 1689 473 gratia
1723 397 2028 456 subnixum
2057 415 2157 474 per
2182 394 2322 454 ambi-

366 491 486 540 tum
514 477 823 554 deligeret.
1999 533 2008 542 ,
2045 521 2050 526 -

494 564 551 622 7.
588 562 748 622 Haec
774 570 945 640 atque
968 561 1105 622 talia
1130 560 1515 639 vulgantibus,
1535 563 1588 622 N
1591 582 1699 626 ero
1717 575 1774 624 et
1795 567 2146 624 iuventutem
2165 563 2324 639 proxi·

367 665 488 705 mas
520 665 627 725 per
660 647 991 724 provincias
1024 647 1344 722 quaesitam
1373 647 1708 725 supplendis
1753 649 1996 708 orientis
2038 643 2324 722 legionibus

364 730 677 790 admovere
730 729 1114 807 legionesque
1171 730 1334 806 ipsas
1391 732 1632 809 propius
1687 731 2036 800 Armeniam*
2085 728 2323 789 collocari

367 813 551 890 iubet,
594 811 855 890 duosque
886 822 1121 872 veteres
1150 829 1331 890 reges
1361 813 1685 893 Agrippam
1716 825 1774 874 et
1805 815 2152 875 Antiochum
2181 829 2321 890 expe-

314 924 344 964 5
368 896 489 957 dire
524 896 757 976 copiaS,
792 898 919 974 quis
948 895 1287 954 Parthorum
1319 897 1464 956 fines
1495 897 1646 957 ultro
1676 899 1990 976 intrarent,
2027 897 2186 957 simul
2211 911 2320 974 pou·

364 991 455 1041 tes
483 997 591 1060 per
620 997 841 1040 amnem
870 979 1205 1059 Euphraten
1234 982 1421 1057 iungi;
1466 990 1526 1040 et
1567 983 1845 1042 minorem
1875 982 2200 1052 Armeniam
2223 979 2322 1037 Ari-

364 1063 625 1140 stobu10,
669 1064 969 1140 regionem
1000 1063 1314 1143 Sophenen
1344 1064 1632 1125 Sohaemo
1668 1056 1794 1125 cum
1823 1064 2148 1146 insignibus
2175 1063 2321 1138 regiis

261 1217 263 1219 ,
360 1148 607 1208 mandat.
671 1157 1021 1226 exortusque
1044 1149 1101 1206 in
1127 1156 1394 1226 tempore
1427 1149 1683 1208 aemulus
1711 1149 2002 1226 Vologesi
2033 1148 2176 1208 filius
2206 1148 2320 1205 Var-

364 1230 573 1300 danes;
630 1239 689 1290 et
740 1230 1088 1291 abscessere
1131 1231 1406 1292 Armenia
1448 1231 1669 1310 Parthi,
1727 1242 2013 1312 tamquam
2068 1231 2322 1314 differrent

291 1338 343 1388 10
361 1314 594 1374 bellum.
760 1381 765 1389 Ι

492 1397 551 1457 8.
598 1397 717 1455 Sed
756 1397 907 1474 apud
940 1407 1197 1458 senatum
1227 1400 1416 1458 omnia
1443 1399 1502 1457 in
1529 1401 1708 1458 maius
1741 1400 2038 1460 celebrata
2067 1407 2186 1458 sunt
2217 1415 2315 1456 sen·

361 1480 553 1538 tentiis
600 1496 831 1556 eorum,
886 1483 981 1558 qui
1021 1480 1478 1561 supplicationes
1523 1491 1582 1542 et
1634 1482 1838 1543 diebus
1877 1483 2316 1561 supplicationum

360 1571 582 1634 vestem
620 1563 868 1641 principi
898 1564 1299 1642 triumphalem
1317 1610 1334 1641 ,
1367 1575 1552 1645 utque.
1575 1584 1754 1627 ovans
1787 1567 1987 1628 urbem
2017 1568 2193 1641 iniret,
2222 1563 2314 1622 effi-

360 1636 604 1724 giesque
650 1647 775 1705 eius
818 1647 945 1724 pari
1000 1647 1388 1724 magnitudine
1436 1667 1504 1708 ac
1539 1649 1740 1710 Martis
1788 1651 2012 1710 Ultoris
2055 1648 2242 1708 eodem
2274 1647 2315 1702 iu

211 1729 575 1820 χχῴερὴιζῐᾞῇνο
622 1747 936 1806 censuere,
964 1739 1224 1816 praeter
1271 1741 1491 1792 suetam
1535 1733 1921 1793 adulationem
1981 1733 2146 1808 laeti,
2194 1726 2314 1807 quod

359 1811 691 1890 Domitium,x
722 1809 1141 1892 Corbulonem
1164 1813 1522 1887 retinendae
1574 1817 1894 1887 Armeniae,
1941 1818 2315 1895 praeposuerat

360 1896 773 1978 videbaturque
815 1901 982 1962 locus
1020 1893 1712 1998 virtutib'Qatefactus„
1772 1901 1979 1979 copiae
2011 1898 2228 1958 orientis
2251 1897 2310 1952 ita

358 1981 709 2061 dividuntur,
754 1993 813 2045 ut
858 2005 994 2064 pars
1034 1970 1428 2050 auxiliarium*
1499 2002 1553 2041 m
1585 1982 1802 2044 duabus
1845 1983 2168 2061 legionibus
2194 1975 2312 2057 apud

357 2068 715 2143 provinciam
769 2070 992 2130 Suriam
1041 2081 1100 2131 et
1138 2072 1396 2150 legatum
1450 2076 1542 2134 eiu
1675 2068 1968 2128 uadrfltum
2019 2063 2308 2128 Ummidium

285 2174 337 2213 ιο
358 2160 709 2227 remaneret,
757 2170 863 2230 par
906 2155 1111 2214 civium
1152 2159 1557 2237 sociorumque
1603 2176 1640 2219 n
1844 2169 1872 2209 s
1918 2147 2217 2211 Corbuloni
2241 2162 2306 2201 es·

354 2240 474 2308 set,
523 2233 725 2307 additis
773 2236 1111 2297 cohortibus
1155 2240 1603 2321 alisque,·quae
1641 2246 1708 2307 in
1738 2244 1859 2327 Cap
1989 2234 2110 2294 0⁰5³
2137 2232 2303 2290 hiem·

249 2376 267 2394 ,
354 2314 509 2373 bant.
542 2374 547 2381 ,
574 2319 722 2376 socii
744 2337 959 2396 reges,
994 2332 1163 2400 prout
1192 2322 1349 2384 bello
1377 2326 1764 2407 conduceret,
1797 2351 1979 2411 parer
2045 2318 2062 2331 ⁶
2157 2316 2170 2329 ⁰

352 2397 533 2457 studia
567 2416 764 2483 eorum
792 2405 850 2461 in
875 2402 1267 2465 Corbulonem
1293 2413 1648 2488 promptiora
1675 2425 1856 2475 erant.
1896 2424 1999 2497 qui
2029 2434 2089 2483 ut

350 2482 569 2559 famae,
603 2502 750 2562 quae
782 2488 837 2545 in
866 2489 1035 2547 novis
1067 2492 1298 2567 coeptis
1324 2492 1675 2555 validissima
1703 2507 1823 2575 est,
1857 2502 2076 2575 itinere
2112 2531 2184 2589 pr

281 2587 331 2627 15
353 2566 625 2626 confecto
667 2568 817 2647 apud
851 2570 1090 2647 Aegeas
1141 2575 1431 2634 civitatem
1465 2575 1704 2639 Ciliciae
1742 2581 1980 2647 obvium
2014 2592 2220 2665 Quadr

346 2649 567 2727 habuit,
600 2651 740 2727 illuc
765 2670 1172 2732 progressum,
1198 2675 1302 2733 ne,
1335 2660 1384 2717 si
1404 2660 1478 2719 ad
1502 2664 1872 2741 accipiendas
1901 2677 2115 2751 copias
2139 2680 2271 2739 Sur,

345 2734 677 2793 intravisset
708 2735 1000 2815 Corbulo,
1047 2742 1294 2799 omnium
1331 2760 1432 2803 ora
1474 2745 1532 2802 in
1577 2764 1641 2804 se
1680 2758 1942 2812 verteret
1981 2775 2246 2838 corpore
2284 2770 2320 2823 ὴ

346 2834 525 2915 gens,
567 2818 762 2878 verbis
792 2823 1111 2897 magnificis
1145 2832 1202 2882 et
1236 2842 1412 2904 super
1444 2831 1862 2907 experientiam
1895 2842 2352 2927 sapientiamque

347 2909 515 2959 etlam
545 2905 748 2979 specie
778 2904 1026 2965 inanium
1056 2906 1302 2967 validuS.

468 2986 526 3045 9.
574 2984 844 3055 Ceterum
896 2996 1139 3068 uterque
1190 2991 1264 3051 ad
1307 2994 1669 3072 Vologesem
1716 3018 1918 3077 regem
1971 3012 2183 3069 nuntiis
2228 3032 2352 3075 mo-

346 3067 588 3145 nebant,
638 3087 843 3148 pacem
886 3089 1053 3150 quam
1092 3073 1307 3136 bellum
1349 3078 1547 3139 mallet
1587 3081 1848 3161 datisque
1877 3085 2181 3163 obsidibus
2213 3100 2350 3158 soli-

346 3160 480 3237 tam¹
490 3154 778 3229 prioribus
806 3160 1191 3218 reverentiam
1220 3161 1278 3220 in
1313 3164 1584 3242 populum
1613 3161 1926 3228 Romanum
1961 3178 2328 3244 continuaret

346 3242 403 3292 et
434 3236 796 3317 Vologeses,
836 3258 951 3317 quo
983 3240 1197 3301 bellum
1227 3262 1302 3303 ex
1333 3248 1634 3309 commodo
1667 3263 1928 3330 pararet,
1961 3273 2032 3315 an
2061 3268 2122 3318 ut
2151 3279 2276 3323 aem

296 3339 321 3378 s
345 3316 574 3414 lationis
616 3332 926 3401 suspectos
967 3344 1073 3403 per
1115 3344 1324 3387 nomen
1357 3330 1618 3390 obsidum
1652 3345 1978 3414 amoveret,
2021 3344 2196 3406 tradit

344 3398 768 3481 bllissimos2ex
798 3408 1010 3467 familia
1040 3408 1466 3471 Arsacidarum.
1548 3418 1892 3495 accepitque
1937 3438 2040 3481 eos
2073 3437 2242 3487 centu
