2475 4000
339 221 419 282 22
852 229 1179 276 colamur
1208 228 1444 277 TAcrrr
1469 228 1831 276 nummum
1928 257 1944 274 .

340 388 559 454 dicitia;
607 385 717 444 iam
757 383 941 442 infans
984 385 1040 441 in
1087 383 1292 442 castris
1327 385 1587 459 genituS,
1633 383 1688 442 in
1726 381 2104 443 contubernio
2145 383 2332 460 legio-

274 490 323 530 10
340 489 470 530 num
502 468 773 541 eductus,
811 484 980 544 quem
1007 465 1233 525 militari
1262 465 1548 532 vocabulo
1579 463 1896 543 Caligulam
1931 467 2332 546 appellabant,

342 555 471 632 quia
503 551 840 630 plerumque
879 550 950 610 ad
988 549 1348 609 concilianda
1389 549 1548 625 vulgi
1580 550 1763 609 studia
1809 568 1881 610 eo
1927 552 2186 626 tegmine
2233 569 2332 629 pe·

341 637 470 698 dum
499 633 855 696 induebatur.
912 634 1015 694 sed
1059 633 1196 693 nihil
1241 651 1428 711 aeque
1471 632 1632 692 flexit
1661 651 1830 712 quam
1859 635 2068 694 invidia
2103 636 2163 694 in
2194 634 2332 694 Tre-

340 737 546 782 veros:
578 727 741 778 orant
773 718 1075 794 obsistunt,
1108 715 1327 775 rediret
1355 725 1634 792 maneret,
1665 735 1799 796 pars
1823 717 2189 796 Agrippinae
2237 735 2330 777 oc·

342 813 672 877 cursantes,
728 802 951 880 plurimi
994 799 1064 862 ad
1103 798 1499 859 Germanicum
1547 802 1827 877 regressi.
1895 802 2062 878 isque
2103 810 2172 860 ut
2213 810 2332 861 erat

274 900 323 940 15
340 905 545 948 recens
576 886 780 947 dolore
820 894 878 944 et
911 887 1027 960 ira,
1066 882 1219 962 apud
1256 883 1632 943 circumfusos
1659 885 1736 944 ita
1768 885 1983 964 coepit.
2063 941 2068 946 .

463 971 565 1032 42.
613 968 777 1030 ‘Non
817 968 951 1027 mihi
980 984 1128 1026 uxor
1160 976 1254 1026 aut
1281 967 1430 1027 filius
1460 976 1625 1044 patre
1661 976 1720 1026 et
1760 987 1825 1028 re
1867 967 2102 1047 publica
2150 969 2327 1028 cario·

338 1074 435 1115 res
466 1063 617 1131 sunt,
650 1051 754 1113 sed
782 1052 937 1112 illum
976 1051 1202 1130 quidem
1236 1069 1336 1110 sua
1368 1052 1659 1127 maiestas,
1692 1051 1988 1130 imperium
2009 1051 2331 1112 Romanum

341 1139 523 1199 ceteri
558 1137 847 1198 exercitus
878 1134 1210 1196 defendent.
1268 1135 1566 1212 coniugem
1601 1144 1660 1195 et
1687 1135 1908 1195 liberos
1942 1153 2138 1211 meos,
2187 1151 2327 1212 quos
2432 1209 2433 1220 ἵ

340 1239 447 1300 pro
482 1223 668 1300 gloria
699 1229 893 1280 vestra
922 1219 1111 1280 libens
1146 1219 1217 1279 ad
1252 1220 1484 1278 exitium
1516 1219 1820 1294 offerrem,
1865 1238 2014 1281 nunc
2057 1218 2268 1297 procul
2299 1235 2328 1275 a

295 1304 659 1365 §furentibus
682 1320 1041 1378 summoveo,
1066 1314 1125 1362 ut
1149 1303 1417 1381 quidquid
1447 1303 1596 1362 istud
1621 1302 1866 1362 sceleris
1890 1304 2166 1379 imminet,
2203 1317 2327 1360 meo

339 1397 550 1448 tantum
576 1389 849 1463 sanguine
874 1387 1084 1475 pietur,
1116 1403 1265 1445 neve
1292 1388 1520 1446 occisus
1543 1386 1788 1463 Augusti
1809 1403 2130 1485 pronepos,
2149 1348 2324 1444 'inter-

339 1472 491 1530 fecta
521 1468 737 1528 Tiberii
784 1487 959 1528 nurus
1007 1464 1378 1529 nocentiores
1421 1487 1528 1529 vos
1573 1469 1766 1529 faciat.
1852 1470 1985 1547 quid
2027 1471 2182 1530 enim
2226 1486 2328 1547 ρει

338 1554 447 1615 bos
491 1553 617 1613 dies
664 1553 920 1618 inausum
958 1553 1432 1612 intemeratumve
1477 1549 1687 1614 vobis?
1750 1554 1902 1631 quod
1941 1570 2154 1614 nomen
2201 1552 2327 1612 huic

342 1639 533 1698 coetui
564 1632 756 1697 dabo?
785 1636 1073 1696 militesne
1098 1637 1411 1715 appellem,
1446 1638 1540 1736 qui
1567 1635 1737 1696 filium
1757 1639 2126 1715 imperatoris
2151 1623 2328 1696 ves'tri

274 1740 323 1781 ιο
343 1709 497 1779 vallo
532 1729 590 1779 et
622 1720 791 1779 armis
826 1718 1323 1780 circumsedistis?
1355 1739 1425 1780 an
1457 1723 1648 1797 civeS,
1683 1720 1886 1798 quibus
1916 1730 2028 1780 tam
2065 1722 2322 1799 proiecta

340 1812 572 1863 senatus
602 1801 955 1864 auctoritas?
988 1803 1235 1864 hostium
1267 1821 1497 1882 quoque
1526 1805 1614 1862 ius
1651 1812 1709 1862 et
1739 1822 1904 1864 sacra
1934 1804 2246 1881 legationis
2271 1809 2324 1860 et

339 1886 429 1946 fas
456 1887 705 1963 gentium
736 1889 993 1966 rupistis.
1063 1889 1227 1948 divus
1255 1885 1430 1946 Iulius
1467 1887 1807 1946 seditionem
1829 1889 2122 1948 exercitus
2147 1886 2324 1948 verbo

339 1987 450 2032 uno
480 1974 859 2051 compescuit,
898 1971 1152 2047 Quirites
1185 1970 1448 2031 vocando
1483 1971 1576 2050 qui
1610 1969 2023 2032 sacramentum
2059 1973 2190 2033 eius
2233 1970 2323 2030 de-

260 2052 267 2059 “
338 2056 688 2116 trectabant:
723 2057 885 2118 divus
921 2057 1218 2133 Augustus
1250 2055 1409 2115 vultu
1453 2064 1511 2114 et
1552 2065 1791 2135 aspectu
1821 2056 2094 2116 Actiacas
2145 2056 2323 2133 legio·

272 2157 441 2197 15nes
476 2141 781 2199 exterruit:
830 2158 935 2200 nos
978 2148 1041 2197 ut
1084 2140 1340 2201 nondum,
1369 2139 1638 2215 eosdem,
1683 2140 1760 2199 ita
1804 2158 1878 2198 ex
1913 2140 2027 2199 illis
2072 2149 2236 2200 ortos
2280 2136 2324 2195 si

336 2222 644 2298 Hispaniae
677 2223 957 2282 Suriaeve
985 2224 1151 2283 miles
1183 2232 1626 2301 aspernaretur,
1674 2232 1862 2282 tamen
1903 2224 2102 2283 mirum
2147 2232 2206 2283 et
2247 2222 2323 2280 in-

338 2304 564 2379 dignum
608 2313 749 2363 erat.
826 2306 1082 2385 primane
1127 2316 1185 2366 et
1230 2308 1547 2377 vicensima
1589 2306 1889 2383 legiones,
1930 2306 2030 2366 illa
2079 2307 2258 2385 signis
2293 2320 2322 2360 a

336 2385 569 2446 Tiberio
602 2391 887 2465 acceptiS,
918 2398 977 2447 tu
1007 2398 1093 2448 tot
1123 2390 1479 2467 proeliorum
1509 2391 1691 2463 socia,
1722 2399 1809 2449 tot
1837 2391 2106 2470 praemiis
2137 2397 2319 2462 aucta,

338 2472 634 2548 egregiam
679 2471 809 2532 duci
871 2478 1068 2531 vestro
1122 2474 1364 2548 gratiam
1407 2470 1682 2531 refertis?
1722 2472 1874 2533 hunc
1919 2491 2033 2551 ego
2076 2474 2320 2533 nuntium

268 2571 318 2610 20
339 2555 518 2633 patri,
550 2554 703 2615 laeta
736 2558 921 2615 omnia
964 2554 1093 2613 aliis
1134 2572 1168 2613 e
1211 2554 1523 2630 provinciis
1558 2554 1840 2631 audienti,
1881 2554 2106 2616 feram?
2150 2556 2322 2635 ipsius

338 2639 577 2713 tirones,
611 2640 789 2717 ipsius
817 2648 1128 2699 veteranos
1153 2652 1269 2693 non
1298 2636 1603 2712 missione,
1636 2653 1749 2696 non
1782 2641 2028 2717 pecunia
2056 2641 2320 2702 satiatos;

337 2721 431 2780 hic
462 2729 672 2781 tantum
696 2720 939 2780 interfici
965 2720 1354 2794 centuriones,
1387 2718 1498 2778 eici
1524 2720 1804 2799 tribunos,
1841 2723 2054 2783 includi
2076 2722 2319 2800 legatos,

276 2830 282 2835 ·
336 2804 549 2864 infecta
580 2805 855 2881 sanguine
893 2812 1083 2863 castra
1118 2802 1366 2879 flumina,
1398 2820 1609 2882 meque
1638 2808 1956 2883 precariam
1983 2807 2224 2866 animam
2245 2806 2318 2862 in-

337 2896 425 2947 ter
451 2888 710 2946 infensos
746 2886 997 2945 trahere.

463 2971 563 3032 43.
610 2967 727 3030 Gur
759 2970 907 3029 enim
942 2970 1126 3048 primo
1160 2970 1445 3031 contionis
1478 2972 1570 3031 die
1602 2971 1814 3031 ferrum
1844 2971 2004 3048 illud,
2038 2972 2192 3049 quod
2223 2988 2318 3050 pe-

338 3055 483 3113 ctori
517 3070 647 3113 meo
678 3054 921 3130 infigere
962 3052 1266 3131 parabam,
1310 3046 1676 3129 detraxistis,
1726 3072 1761 3113 o
1793 3056 2081 3134 inprovidi
2117 3049 2321 3117 amici?

336 3136 539 3197 melius
583 3145 641 3196 et
688 3137 964 3197 amantius
1003 3135 1104 3196 ille
1152 3136 1258 3214 qui
1291 3136 1542 3214 gladium
1587 3138 1892 3198 offerebat.
1982 3138 2318 3200 cecidissem

336 3228 495 3280 certe
531 3220 774 3279 nondum
807 3229 891 3280 tot
922 3219 1266 3297 flagitiorum
1307 3222 1588 3281 exercitui
1630 3238 1760 3281 meo
1806 3224 2103 3293 conscius;
2149 3222 2316 3299 legis·

291 3304 475 3368 ssetis
518 3304 755 3380 ducem,
801 3305 895 3383 qui
935 3322 1124 3365 meam
1166 3305 1396 3383 quidem
1447 3314 1687 3365 mortem
1732 3306 2042 3385 inpunitam
2084 3308 2315 3376 sineret,

330 3385 468 3446 Vari
510 3397 699 3447 tamen
744 3398 801 3447 et
844 3390 1009 3448 trium
1051 3389 1343 3465 legionum
1384 3386 1788 3452 ulcisceretur.
1859 3409 2052 3469 neque
2085 3394 2230 3451 enim
2264 3387 2315 3447 di

332 3469 514 3529 sinant
544 3480 603 3529 ut
625 3469 929 3549 Belgarum
959 3490 1301 3553 quamquam
1327 3472 1688 3531 offerentium
1724 3474 1903 3534 decus
1935 3476 2086 3535 istud
2123 3485 2179 3535 et
2204 3473 2315 3533 cla-
