2475 4000
596 248 607 261 ·
712 232 923 281 mmm
948 234 1091 282 ΧΠ.
1125 235 1274 287 cAP.
1303 233 1545 297 719—53.
1949 260 1957 268 =
2003 228 2126 290 275
2146 262 2169 279 ·

116 386 385 447 validior
416 385 735 462 Tigellinus
781 387 837 446 in
882 388 1069 449 animo
1116 390 1394 467 principis
1439 400 1497 451 et
1541 395 1751 455 intimis
1797 377 2154 455 libidinibus⁸

118 471 494 547 adsumptae,
551 487 837 548 prospera
882 470 1083 550 populi
1128 480 1183 531 et
1224 473 1463 536 militum
1508 476 1656 537 fama
1698 480 1916 555 Rufus,
1971 478 2122 558 quod

116 554 287 633 apud
317 553 607 613 Neronem
637 553 938 614 adversum
968 554 1397 633 experiebatur.

260 638 364 697 52.
407 636 568 697 Mors
610 637 773 697 Burri
822 639 1060 717 infregit
1109 640 1389 719 Senecae⁸
1429 644 1773 721 potentiam,
1839 648 1968 723 quia
2015 664 2129 704 nec

118 722 304 782 bonis
337 720 549 781 artibus
590 722 742 781 idem
776 722 977 782 virium
1020 731 1143 783 erat
1181 724 1367 784 altero
1411 726 1572 785 velut
1608 726 1754 787 duce
1801 719 2019 805 amoto,
2069 737 2126 786 et

118 807 293 867 Nero
326 804 396 865 ad
432 806 755 865 deteriores
787 806 1115 867 inclinabat.
1203 806 1263 865 hi
1291 811 1466 869 variis
1500 810 1991 870 criminationibus
2023 812 2124 870 Se-

118 907 337 950 necam
396 888 752 968 adoriuntur,
814 898 1096 969 tamquam
1147 892 1425 967 ingentes
1461 902 1518 953 et
1570 896 1849 973 privatum
1901 893 2125 953 modum

118 982 373 1035 evectas
414 990 561 1051 opes
604 973 790 1033 adhuc
828 984 1101 1051 augeret,
1160 974 1434 1053 quodque
1487 977 1672 1037 studia
1715 980 1919 1037 civium
1961 980 2020 1035 in
2061 987 2125 1035 se
2152 1002 2177 1041 5

120 1065 425 1131 verteret,
474 1056 769 1117 hortorum
818 1075 1047 1137 quoque
1100 1060 1446 1119 amoenitate
1499 1070 1556 1120 et
1610 1059 1870 1120 villarum
1913 1061 2126 1136 magni·

120 1142 362 1205 licentia
398 1143 558 1218 quasi
599 1142 919 1220 principem
964 1140 1505 1219 supergrederetur.
1585 1143 1918 1204 obiciebant
1957 1146 2129 1203 etiam

122 1226 505 1303 eloquentiae
547 1224 770 1284 laudem
812 1227 906 1283 uni
948 1224 1057 1283 sibi
1097 1223 1430 1285 adsciscere
1476 1235 1536 1285 et
1580 1230 1828 1289 carmina
1869 1226 2127 1288 crebrius

100 1311 433 1385 iactitare,
484 1318 787 1387 postquam
820 1306 1039 1368 Neroni
1082 1325 1243 1367 amor
1283 1326 1484 1394 eorum
1528 1312 1800 1371 venisset.
1866 1330 1993 1372 nam
2026 1308 2126 1369 ob-

121 1392 494 1455 lectamentis
564 1393 845 1471 principis
912 1390 1098 1468 palam
1148 1392 1398 1469 iniquum
1447 1393 1775 1455 detrectare
1828 1396 1942 1454 vim
2003 1396 2126 1453 eius
2149 1417 2196 1458 ιο
2233 1456 2240 1465 ,

124 1493 323 1555 equos
352 1478 641 1552 regentis,
672 1474 933 1534 inludere
970 1492 1149 1535 voces
1169 1520 1188 1551 ‚
1224 1477 1494 1553 quotiens
1524 1487 1778 1539 caneret.
1851 1496 2019 1557 quem
2053 1476 2128 1535 ad

124 1564 307 1621 finem
340 1558 479 1617 nihil
523 1561 579 1617 in
620 1576 685 1617 re
729 1557 961 1637 publica
996 1559 1209 1619 clarum
1249 1558 1380 1619 fore
1427 1561 1582 1639 quod
1621 1580 1736 1621 non
1774 1562 1846 1623 ab
1887 1562 1990 1622 illo
2033 1579 2124 1620 re·

128 1646 315 1724 periri
369 1639 681 1703 credatur?
732 1652 891 1702 certe
940 1643 1149 1703 finitam
1193 1642 1446 1705 Neronis
1496 1647 1794 1724 pueritiam
1843 1656 1901 1706 et
1949 1643 2126 1705 robur

124 1732 399 1788 iuventae
432 1725 673 1785 adesse:
706 1736 947 1786 exueret
977 1729 1344 1806 magistrum,
1385 1730 1524 1789 satis
1553 1730 1757 1808 amplis
1790 1727 2125 1790 doctoribus

127 1815 446 1872 instructus
472 1810 781 1870 maioribus
812 1811 948 1871 suis.
2144 1832 2191 1870 15

261 1895 359 1955 53.
407 1894 484 1953 At
527 1895 752 1955 Seneca
808 1897 1215 1956 criminantium
1270 1887 1387 1955 non
1411 1898 1704 1972 ignarus,
1752 1894 2124 1973 prodentibus

127 1982 203 2039 iis
237 1977 442 2056 quibus
484 1977 671 2058 aliqua
721 1978 950 2040 honesti
994 1998 1164 2057 cura,
1206 1988 1264 2038 et
1303 1978 1740 2039 familiaritatem
1785 1979 1907 2037 eius
1939 1980 2124 2054 magis

127 2071 484 2140 aspernante
516 2061 801 2138 Caesare,
845 2072 1073 2142 tempus
1108 2064 1361 2122 sermoni
1396 2070 1525 2121 orat
1555 2071 1614 2120 et
1656 2070 1905 2140 accepto
1938 2062 2014 2121 ita
2043 2061 2124 2117 in-

130 2146 309 2223 cipit:
365 2148 634 2223 ‘quartus
682 2147 955 2206 decumus
1008 2164 1185 2206 annus
1230 2155 1353 2222 est,
1406 2144 1654 2222 Caesar,
1708 2163 1784 2205 ex
1837 2161 1949 2222 quo
1999 2143 2124 2221 spei

128 2238 267 2289 tuae
320 2227 583 2289 admotus
632 2248 785 2307 sum,
839 2238 1109 2306 octavus,
1164 2239 1224 2288 ut
1271 2230 1568 2308 imperium
1625 2228 1882 2289 obtines:
1935 2226 2170 2288 medio5

128 2311 417 2388 temporis
461 2319 673 2372 tantum
712 2311 991 2372 honorum
1029 2321 1200 2391 atque
1248 2329 1418 2391 opum
1460 2315 1518 2372 in
1557 2331 1646 2372 me
1692 2311 2017 2388 cumulasti,
2066 2319 2126 2370 ut
2209 2343 2218 2350 -

128 2393 277 2456 nihil
311 2393 571 2466 felicitati
612 2413 777 2455 meae
812 2396 961 2456 desit
1002 2397 1109 2455 nisi
1144 2397 1466 2458 moderatio
1506 2398 1648 2456 eius.
1737 2405 1862 2455 utar
1901 2396 2124 2471 magnis

131 2478 458 2558 exemplis,
480 2493 601 2538 nec
628 2497 793 2540 meae
822 2481 1084 2540 fortunae
1114 2480 1219 2541 sed
1247 2489 1397 2541 tuae.
1443 2480 1660 2540 abavus
1682 2490 1808 2540 tuus
1831 2477 2126 2560 Augustus

130 2565 211 2626 M.
262 2562 566 2642 Agrippae
603 2563 984 2638 Mytilenense
1030 2573 1350 2640 secretum,
1399 2563 1464 2624 C.
1512 2564 1833 2624 Maecenati
1884 2560 2022 2640 urbe
2069 2560 2126 2616 in

132 2651 263 2728 ipsa
295 2647 453 2706 velut
486 2648 853 2725 peregrinum
882 2648 1055 2708 otium
1085 2649 1372 2727 permisit;
1403 2665 1642 2727 quorum
1675 2646 1818 2706 alter
1845 2643 2126 2704 bellorum
2147 2665 2196 2704 ιο

140 2733 369 2807 socius,
418 2730 563 2791 alter
597 2732 815 2792 Romae
861 2721 1119 2811 pluribus
1162 2732 1458 2793 laboribus
1498 2733 1740 2791 iactatus
1775 2727 1964 2808 ampla
2009 2726 2126 2804 qui-

140 2818 299 2892 dem,
348 2814 451 2874 sed
498 2833 604 2894 pro
640 2816 970 2893 ingentibus
1012 2817 1225 2877 meritis
1272 2818 1524 2895 praemia
1567 2820 1935 2892 acceperant.
2011 2826 2126 2886 ego

143 2900 277 2978 quid
318 2898 472 2958 aliud
511 2901 931 2960 munificentiae
968 2899 1241 2960 adhibere
1286 2901 1447 2978 potui
1491 2916 1658 2978 quam
1699 2896 1908 2970 studia,
1953 2902 2011 2952 ut
2042 2895 2127 2950 sic

144 2983 408 3060 dixerim,
455 2984 513 3042 in
552 2983 749 3044 umbra
790 2983 1059 3060 educata,
1098 2993 1155 3043 et
1190 2983 1394 3062 quibus
1437 2982 1716 3042 claritudo
1746 2977 1930 3051 venit,
1973 2973 2129 3053 quod

142 3070 405 3127 iuventae
450 3076 581 3128 tuae
623 3067 957 3128 rudimentis
1001 3067 1256 3127 adfuisse
1299 3066 1540 3143 videor,
1585 3061 1801 3142 grande
1842 3058 2009 3119 buius
2041 3058 2126 3116 rei
2147 3079 2196 3117 15

146 3153 405 3231 pretium.
472 3160 530 3210 at
554 3161 613 3212 tu
642 3153 882 3228 gratiam
919 3154 1263 3226 inmensam,
1309 3151 1652 3210 innumeram
1681 3145 1982 3222 pecuniam
2017 3144 2124 3201 cir-

149 3235 506 3313 cumdedisti,
540 3235 685 3295 adeo
716 3245 777 3295 ut
805 3235 1142 3314 plerumque
1172 3237 1320 3293 intra
1349 3252 1439 3293 me
1468 3235 1594 3310 ipse
1624 3228 1882 3287 volvam:
1916 3243 2125 3302 egone,

151 3322 398 3397 equestri
446 3328 503 3379 et
540 3319 881 3398 provinciali
933 3319 1071 3380 loco
1121 3327 1313 3394 ortus,
1357 3312 1698 3397 proceribus
1748 3311 1991 3370 civitatis
2031 3307 2125 3368 ad-

152 3401 453 3464 numeror?
494 3406 643 3464 inter
672 3403 903 3464 nobiles
934 3412 991 3463 et
1022 3403 1197 3479 longa
1229 3401 1442 3461 decora
1474 3396 1872 3476 praeferentes
1903 3394 2136 3452 novitas

152 3503 275 3548 mea
317 3485 554 3548 enituit?
616 3488 711 3549 ubi
766 3497 855 3548 est
912 3490 1127 3548 animus
1171 3485 1270 3544 ille
1311 3482 1552 3544 modicis
1597 3475 1939 3540 contentus?
1993 3477 2124 3537 talis
2144 3487 2198 3528 2⁰

1704 3560 1824 3624 18*
