2475 4000
364 214 486 298 284
880 239 1209 287 CORNELII
1232 239 1466 288 ΤΑοιΤι
1489 241 1856 288 ANNALIUM

278 397 291 404 '
364 408 563 454 eorum
601 393 989 469 Monobazu3‚
1037 414 1205 474 quem
1245 412 1430 474 penes
1479 395 1837 456 Adiabenum
1866 396 2194 472 regimen,
2221 398 2396 479 quod

298 499 347 538 ιδ
368 473 715 558 praesidium
744 487 839 536 aut
878 440 1026 538 unde
1070 488 1298 559 peteret
1336 482 1620 556 rogitans,
1674 481 1792 539 iam
1821 478 1894 538 de
1924 478 2201 539 Armenia
2244 499 2396 540 con-

368 579 613 644 cessum,
648 563 909 640 proxima
936 563 1117 633 trahi;
1142 573 1228 624 et
1255 565 1365 622 nisi
1401 564 1710 624 defendant
1742 563 1965 640 Parthi,
2012 563 2202 623 levius
2260 584 2396 624 ser·

253 721 264 728 ³
368 647 560 706 vitium
602 645 753 724 apud
796 646 1093 709 Romanos
1140 647 1348 707 deditis
1393 662 1558 726 quam
1616 649 1802 725 captis
1859 665 2011 706 esse.
2077 647 2397 708 Tiridates

368 748 597 808 quoque
643 731 808 806 regni
854 730 1135 808 profugus
1176 749 1284 810 per
1321 731 1609 791 silentium
1662 741 1757 790 aut
1797 731 2027 790 modice
2069 733 2396 810 querendo

368 815 605 892 gravior
634 823 784 874 erat:
818 831 933 872 non
966 817 1114 874 enim
1145 817 1377 892 ignavia
1413 833 1622 892 magna
1652 819 1892 894 imperia
1927 817 2246 886 contineri;
2304 819 2395 874 vi-

298 899 350 960 2b
369 917 563 958 rorum
596 915 993 978 armorumque
1017 900 1347 959 faciendum
1378 909 1698 970 certamem
1733 901 1834 959 id
1817 919 1874 960 ιιι
1903 919 2120 960 summa
2143 901 2397 960 fortuna

370 984 607 1060 aequius
650 981 806 1060 quod
848 982 1119 1053 validius;
1170 993 1229 1043 et
1271 1001 1374 1043 sua
1414 985 1670 1045 retinere
1700 986 1966 1064 privatae
2011 984 2254 1082 domus,
2312 985 2394 1043 de
2459 975 2461 990 ¹

368 1067 571 1126 alienis
607 1076 833 1125 certare
859 1068 1079 1142 regiam
1111 1067 1336 1128 laudem
1367 1085 1519 1127 esse.
2460 1079 2461 1142 j

492 1149 549 1208 2.
609 1149 791 1226 Igitur
835 1158 1154 1211 commotus
1208 1153 1299 1212 his
1337 1152 1680 1228 Vologeses
1741 1153 2046 1212 concilium
2097 1162 2280 1212 vocat
2329 1162 2395 1211 et
2460 1145 2461 1156 ’

374 1235 693 1313 proximum
734 1234 843 1294 sibi
888 1235 1179 1296 Tiridaten
1222 1237 1514 1296 constituit
1551 1245 1722 1316 atque
1764 1238 1841 1296 ita
1879 1237 2130 1296 orditur:
2181 1236 2394 1297 ‘hunc
2460 1279 2461 1284 η

372 1336 486 1394 ego
532 1318 736 1377 eodem
774 1337 997 1380 mecum
1054 1329 1219 1399 patre
1275 1323 1562 1398 genitum,
1623 1339 1748 1379 cum
1794 1321 1926 1379 mihi
1971 1338 2079 1398 per
2128 1329 2394 1380 aetatem

372 1419 587 1461 summo
622 1399 851 1462 nomine
886 1407 1314 1482 concessisset,
1360 1408 1414 1464 in
1459 1407 1898 1483 possessionem
1928 1404 2243 1464 Armeniae
2279 1405 2390 1463 de-
2460 1467 2461 1476 χ

319 1499 343 1536 5
372 1484 535 1560 duxi,
580 1487 674 1562 qui
718 1489 921 1545 tertius
966 1491 1261 1566 potentiae
1291 1488 1506 1565 gradus
1551 1488 1822 1548 habetur:
1868 1507 1994 1548 nam
2025 1488 2239 1548 Medos
2271 1489 2386 1548 Pa·
2460 1527 2461 1530 κ

373 1585 544 1627 corus
591 1578 720 1626 ante
766 1581 1033 1648 ceperat„
1088 1572 1446 1651 videbarque
1479 1583 1688 1633 contra
1729 1581 1928 1632 vetera
1966 1573 2206 1633 fratrum
2247 1573 2388 1632 odia

372 1661 429 1711 et
462 1655 771 1711 certamina
800 1653 1050 1713 familiae
1075 1665 1310 1715 nostrae
1343 1666 1587 1734 penates
1611 1658 1722 1716 rite
1757 1659 2182 1735 composuisse.
2239 1674 2386 1734 pro·
2460 1701 2461 1736 3

370 1735 569 1794 hibent
601 1737 844 1796 Romani
856 1768 862 1772 -
882 1747 939 1796 et
971 1756 1174 1816 pacem
1208 1757 1510 1818 numquam
1543 1743 1684 1819 ipsis
1719 1759 2004 1821 prospere
2042 1741 2388 1800 lacessitam
2460 1777 2461 1786 ι

371 1837 521 1878 nunc
568 1836 800 1897 quoque
847 1822 903 1878 in
947 1824 1178 1882 exitium
1220 1842 1380 1882 suum
1413 1823 1769 1903 abrumpunt.
1839 1843 1952 1884 non
1987 1823 2084 1884 ibo
2126 1821 2384 1884 infitias:

250 1945 256 1954 .
304 1913 353 1954 10
372 1904 656 1980 aequitate
703 1921 872 1980 quam
912 1907 1226 1979 sanguine,
1273 1923 1444 1965 causa
1493 1927 1658 1986 quam
1703 1910 1872 1968 armis
1916 1910 2170 1968 retinere
2210 1917 2386 1986 parta

371 1986 681 2043 maioribus
710 1985 1041 2045 malueram.
1102 1988 1151 2043 si
1176 1991 1540 2051 cunctatione
1563 1990 1794 2066 deliqui,
1827 1993 2038 2051 virtute
2061 1995 2382 2067 corrigam.
2460 1995 2461 2015 ³

372 2076 567 2128 vestra
600 2069 827 2144 quidem
861 2068 950 2127 vis
984 2078 1041 2126 et
1076 2069 1269 2143 gloria
1299 2070 1362 2125 in
1389 2072 1618 2142 integro
1653 2081 1774 2144 est,
1821 2074 2011 2130 addita
2051 2073 2384 2131 modestiae
2459 2084 2461 2117 l

374 2152 552 2225 fama,
602 2168 750 2228 quae
784 2168 973 2228 neque
998 2153 1237 2208 summis
1265 2150 1585 2209 mortalium
1615 2153 1944 2227 spernenda
1978 2164 2069 2210 est
2085 2164 2158 2211 et
2203 2174 2237 2212 a
2293 2156 2382 2212 dis
2460 2184 2461 2209 ;

374 2234 748 2293 aestimatur?
810 2233 977 2309 simul
1024 2232 1342 2294 diademate
1381 2242 1552 2310 caput
1582 2232 1853 2313 Tiridatis
1891 2236 2134 2302 evinxit;
2184 2251 2378 2311 prom·
2460 2238 2461 2243 ’

306 2330 352 2367 ¹5
376 2325 527 2395 ptam
560 2317 811 2392 equitum
844 2334 1086 2391 manum,
1114 2335 1262 2395 quae
1295 2333 1499 2392 regem
1530 2334 1795 2377 ex.more
1829 2325 2114 2393 sectatur,
2147 2316 2380 2377 Monesi
2460 2316 2461 2361 ἶ

370 2400 547 2459 nobili
582 2400 707 2459 viro
738 2398 997 2476 tradidit,
1030 2399 1272 2459 adiectis
1304 2398 1732 2460 Adiabenorum
1762 2400 2013 2476 auxiliis,
2058 2400 2378 2462 mandavit·
2459 2450 2461 2481 ἦ

372 2503 483 2562 que
516 2483 807 2560 Tigranen
835 2482 1118 2564 ‘Armenia
1140 2482 1486 2560 exturbare,
1531 2482 1658 2543 dum
1691 2486 1818 2561 ipse
1853 2485 2063 2562 positis
2095 2484 2380 2545 adversus
2460 2494 2461 2545 3

369 2569 671 2643 Hyrcanos
708 2566 1015 2629 discordiis
1050 2570 1207 2627 vires
1251 2568 1472 2627 intimas
1503 2567 1831 2645 molemque
1870 2566 2011 2627 belli
2043 2570 2192 2645 ciet,
2241 2586 2376 2647 pro·
2460 2606 2461 2619 ι

372 2654 578 2711 vinciis
606 2650 879 2711 Romanis
915 2652 1199 2711 minitans.
2460 2646 2461 2669 ¹

494 2735 552 2796 3.
595 2736 755 2809 Quae
786 2734 883 2794 ubi
911 2734 1232 2795 Corbuloni
1259 2737 1434 2795 certis
1466 2736 1674 2794 nuntiis
1694 2735 1885 2795 audita
1908 2744 2067 2812 sunt,
2105 2735 2376 2811 legiones
2460 2746 2461 2793 ὲ

374 2820 513 2881 duas
540 2838 665 2878 cum
688 2817 983 2878 Verulano
1010 2818 1234 2878 Severo
1261 2829 1320 2879 et
1333 2821 1529 2879 Vettio
1547 2819 1772 2879 Bolano
1797 2817 2112 2879 subsidium
2137 2818 2378 2895 Tigrani
2459 2818 2461 2897 ζ

372 2905 566 2980 mittit,
602 2902 835 2963 occulto
872 2912 1191 2982 praecepto
1256 2904 1632 2981 compositius
1665 2913 1868 2963 cuncta
1899 2920 2067 2981 quam
2099 2902 2376 2962 festinan·

375 2990 487 3047 tius
529 2994 806 3063 agerent.
853 2987 1069 3065 quippe
1110 2950 1327 3047 bellum
1374 2986 1590 3047 habere
1638 3005 1804 3066 quam
1845 3005 2058 3063 gerere
2104 2986 2461 3051 malebat.

330 3090 355 3129 5
375 3072 807 3150 scripseratque
840 3068 1079 3130 Caesari
1115 3074 1359 3150 proprio
1393 3070 1538 3131 duce
1571 3088 1718 3149 opus
1743 3088 1898 3145 esse,
1928 3072 2022 3150 qui
2043 3071 2378 3131 Armeniam
2460 3100 2461 3103 κ

355 3154 744 3215 defenderet:
784 3153 1007 3213 Suriam
1035 3156 1341 3231 ingruente
1366 3156 1671 3232 Vologese
1703 3156 1930 3215 acriore
1964 3155 2020 3213 in
2045 3152 2376 3213 discrimine
2459 3154 2461 3211 ἶ

376 3258 528 3299 esse.
563 3248 733 3316 atque
758 3238 983 3297 interim
1007 3239 1262 3317 reliquas
1285 3240 1556 3317 legiones
1582 3254 1689 3317 pro
1713 3240 1838 3317 ripa
1863 3236 2176 3315 Euphratis
2201 3237 2378 3313 locat,
2460 3240 2461 3309 Ῑ

298 3336 309 3341 ’
374 3322 789 3383 tumultuariam
820 3322 1263 3399 provincialium
1291 3341 1514 3383 manum
1545 3331 1756 3397 armat,
1789 3322 2032 3382 hostiles
2073 3324 2378 3399 ingressus

376 3407 682 3483 praesidiis
700 3406 1011 3483 intercipit.
1041 3416 1099 3465 et
1116 3409 1248 3485 quia
1269 3425 1457 3483 egena
1486 3424 1758 3484 aquarum
1781 3407 1947 3482 regio
1985 3414 2094 3480 est,
2135 3404 2378 3467 castella
2460 3450 2461 3455 η

308 3503 359 3543 ιο
379 3487 633 3547 fontibus
661 3487 940 3564 inposita3
978 3489 1259 3565 quosdam
1287 3492 1446 3549 rivos
1479 3499 1762 3566 congestu
1790 3488 2040 3549 harenae
2073 3487 2312 3547 abdidit.
