<?xml version="1.0" encoding="UTF-8"?>
<!DOCTYPE html PUBLIC "-//W3C//DTD XHTML 1.0 Transitional//EN"
    "http://www.w3.org/TR/xhtml1/DTD/xhtml1-transitional.dtd">
<html xmlns="http://www.w3.org/1999/xhtml" xml:lang="en" lang="en">
 <head>
  <title>
</title>
<meta http-equiv="Content-Type" content="text/html;charset=utf-8" />
  <meta name='ocr-system' content='tesseract 3.04.00' />
  <meta name='ocr-capabilities' content='ocr_page ocr_carea ocr_par ocr_line ocrx_word'/>
</head>
<body>
  <div class='ocr_page' id='page_1' title='image "./corneltacitilib00unkngoog_0048.png"; bbox 0 0 2475 4000; ppageno 0'>
   <div class='ocr_carea' id='block_1_1' title="bbox 327 223 1796 280">
    <p class='ocr_par' dir='ltr' id='par_1_1' title="bbox 327 223 1796 280">
     <span class='ocr_line' id='line_1_1' title="bbox 327 223 1796 280; baseline -0.004 0"><span class='ocrx_word' id='word_1_1' title='bbox 327 229 426 280; x_wconf 66' lang='lat'><strong>11.</strong></span> <span class='ocrx_word' id='word_1_2' title='bbox 883 223 1425 276; x_wconf 74' lang='lat' dir='ltr'>COMMENTARIUS</span> <span class='ocrx_word' id='word_1_3' title='bbox 1458 224 1796 274; x_wconf 66' lang='lat' dir='ltr'><strong>emmone.</strong></span> 
     </span>
    </p>
   </div>
   <div class='ocr_carea' id='block_1_2' title="bbox 499 381 2400 459">
    <p class='ocr_par' dir='ltr' id='par_1_2' title="bbox 499 381 2400 459">
     <span class='ocr_line' id='line_1_2' title="bbox 499 381 2400 459; baseline -0.003 -15"><span class='ocrx_word' id='word_1_4' title='bbox 499 383 616 456; x_wconf 84' lang='lat'><strong>36,</strong></span> <span class='ocrx_word' id='word_1_5' title='bbox 659 393 694 446; x_wconf 83' lang='lat'><strong>3</strong></span> <span class='ocrx_word' id='word_1_6' title='bbox 727 387 979 442; x_wconf 80' lang='lat' dir='ltr'><strong>audirent</strong></span> <span class='ocrx_word' id='word_1_7' title='bbox 1023 381 1276 459; x_wconf 73' lang='lat' dir='ltr'><strong>(adirent</strong></span> <span class='ocrx_word' id='word_1_8' title='bbox 1306 383 1445 459; x_wconf 79' lang='lat' dir='ltr'>al.);</span> <span class='ocrx_word' id='word_1_9' title='bbox 1488 384 1569 456; x_wconf 86' lang='lat' dir='ltr'><strong>cf.</strong></span> <span class='ocrx_word' id='word_1_10' title='bbox 1602 391 1703 454; x_wconf 88' lang='grc'><strong>12,</strong></span> <span class='ocrx_word' id='word_1_11' title='bbox 1749 389 1819 443; x_wconf 86' lang='grc'><strong>28</strong></span> <span class='ocrx_word' id='word_1_12' title='bbox 1848 388 1901 439; x_wconf 77' lang='lat' dir='ltr'><strong>et</strong></span> <span class='ocrx_word' id='word_1_13' title='bbox 1936 389 2004 443; x_wconf 85' lang='grc'>32</span> <span class='ocrx_word' id='word_1_14' title='bbox 2050 383 2254 440; x_wconf 75' lang='lat' dir='ltr'><strong>aeiem</strong></span> <span class='ocrx_word' id='word_1_15' title='bbox 2300 401 2400 442; x_wconf 75' lang='lat' dir='ltr'><strong>au-</strong></span> 
     </span>
    </p>
   </div>
   <div class='ocr_carea' id='block_1_3' title="bbox 329 459 1913 550">
    <p class='ocr_par' dir='ltr' id='par_1_3' title="bbox 329 459 1913 550">
     <span class='ocr_line' id='line_1_3' title="bbox 329 459 1913 550; baseline -0.004 -23"><span class='ocrx_word' id='word_1_16' title='bbox 329 471 467 527; x_wconf 87' lang='lat' dir='ltr'><strong>dere</strong></span> <span class='ocrx_word' id='word_1_17' title='bbox 504 463 522 550; x_wconf 87' lang='grc' dir='ltr'>Ι</span> <span class='ocrx_word' id='word_1_18' title='bbox 555 470 726 527; x_wconf 80' lang='lat' dir='ltr'><strong>edicit</strong></span> <span class='ocrx_word' id='word_1_19' title='bbox 755 471 827 524; x_wconf 83' lang='lat' dir='ltr'><strong>al.</strong></span> <span class='ocrx_word' id='word_1_20' title='bbox 869 463 879 546; x_wconf 89' lang='grc' dir='ltr'>Ι</span> <span class='ocrx_word' id='word_1_21' title='bbox 915 477 951 528; x_wconf 99' lang='grc'>4</span> <span class='ocrx_word' id='word_1_22' title='bbox 971 469 1158 541; x_wconf 79' lang='lat' dir='ltr'><strong>pactio</strong></span> <span class='ocrx_word' id='word_1_23' title='bbox 1187 475 1239 523; x_wconf 78' lang='lat' dir='ltr'><strong>et</strong></span> <span class='ocrx_word' id='word_1_24' title='bbox 1270 475 1335 526; x_wconf 85' lang='lat'><strong>12</strong></span> <span class='ocrx_word' id='word_1_25' title='bbox 1364 468 1581 540; x_wconf 69' lang='lat' dir='ltr'><strong>pscium</strong></span> <span class='ocrx_word' id='word_1_26' title='bbox 1615 459 1629 545; x_wconf 98' lang='grc' dir='ltr'>Ι</span> <span class='ocrx_word' id='word_1_27' title='bbox 1665 473 1697 527; x_wconf 90' lang='grc'><strong>7</strong></span> <span class='ocrx_word' id='word_1_28' title='bbox 1737 483 1913 540; x_wconf 71' lang='lat' dir='ltr'><strong>pauca</strong></span> 
     </span>
    </p>
   </div>
   <div class='ocr_carea' id='block_1_4' title="bbox 498 542 2391 631">
    <p class='ocr_par' dir='ltr' id='par_1_4' title="bbox 498 542 2391 631">
     <span class='ocr_line' id='line_1_4' title="bbox 498 542 2391 631; baseline -0.002 -21"><span class='ocrx_word' id='word_1_29' title='bbox 498 551 608 623; x_wconf 85' lang='lat'><strong>37,</strong></span> <span class='ocrx_word' id='word_1_30' title='bbox 652 559 688 611; x_wconf 85' lang='lat'>4</span> <span class='ocrx_word' id='word_1_31' title='bbox 725 553 888 624; x_wconf 76' lang='lat' dir='ltr'><strong>eopia</strong></span> <span class='ocrx_word' id='word_1_32' title='bbox 921 559 1146 609; x_wconf 73' lang='lat' dir='ltr'><strong>econtra</strong></span> <span class='ocrx_word' id='word_1_33' title='bbox 1185 553 1481 608; x_wconf 76' lang='lat' dir='ltr'><strong>duceretur</strong></span> <span class='ocrx_word' id='word_1_34' title='bbox 1530 545 1543 631; x_wconf 89' lang='grc' dir='ltr'>Ι</span> <span class='ocrx_word' id='word_1_35' title='bbox 1592 553 1809 622; x_wconf 73' lang='lat' dir='ltr'><strong>hucque</strong></span> <span class='ocrx_word' id='word_1_36' title='bbox 1850 551 1927 605; x_wconf 87' lang='lat' dir='ltr'><strong>L.-</strong></span> <span class='ocrx_word' id='word_1_37' title='bbox 1954 552 2064 609; x_wconf 75' lang='lat' dir='ltr'><strong>hue</strong></span> <span class='ocrx_word' id='word_1_38' title='bbox 2095 567 2351 623; x_wconf 84' lang='lat' dir='ltr'><strong>quoque</strong></span> <span class='ocrx_word' id='word_1_39' title='bbox 2378 542 2391 628; x_wconf 93' lang='grc' dir='ltr'>Ι</span> 
     </span>
    </p>
   </div>
   <div class='ocr_carea' id='block_1_5' title="bbox 307 628 2383 1042">
    <p class='ocr_par' dir='ltr' id='par_1_5' title="bbox 333 628 2095 714">
     <span class='ocr_line' id='line_1_5' title="bbox 333 628 2095 714; baseline -0.006 -17"><span class='ocrx_word' id='word_1_40' title='bbox 333 642 398 697; x_wconf 84' lang='grc'><strong>12</strong></span> <span class='ocrx_word' id='word_1_41' title='bbox 429 636 638 693; x_wconf 79' lang='lat' dir='ltr'><strong>Moschi</strong></span> <span class='ocrx_word' id='word_1_42' title='bbox 674 636 774 691; x_wconf 79' lang='lat' dir='ltr'><strong>Ri:</strong></span> <span class='ocrx_word' id='word_1_43' title='bbox 807 636 1025 692; x_wconf 83' lang='lat' dir='ltr'><strong>iusochi</strong></span> <span class='ocrx_word' id='word_1_44' title='bbox 1065 633 1076 706; x_wconf 84' lang='grc' dir='ltr'>Ι</span> <span class='ocrx_word' id='word_1_45' title='bbox 1114 643 1184 696; x_wconf 97' lang='grc'><strong>13</strong></span> <span class='ocrx_word' id='word_1_46' title='bbox 1217 637 1642 714; x_wconf 63' lang='grc' dir='ltr'><strong>ὶιιουτεᾴνετιιηῑ</strong></span> <span class='ocrx_word' id='word_1_47' title='bbox 1670 635 1748 690; x_wconf 67' lang='lat' dir='ltr'><strong>Ra·</strong></span> <span class='ocrx_word' id='word_1_48' title='bbox 1780 628 1793 714; x_wconf 94' lang='grc' dir='ltr'>Ι</span> <span class='ocrx_word' id='word_1_49' title='bbox 1831 641 1899 695; x_wconf 94' lang='grc'><strong>16</strong></span> <span class='ocrx_word' id='word_1_50' title='bbox 1928 635 2095 690; x_wconf 81' lang='lat' dir='ltr'><strong>nobis</strong></span> 
     </span>
    </p>

    <p class='ocr_par' dir='ltr' id='par_1_6' title="bbox 307 710 2383 964">
     <span class='ocr_line' id='line_1_6' title="bbox 498 710 2383 794; baseline -0.001 -17"><span class='ocrx_word' id='word_1_51' title='bbox 498 713 611 791; x_wconf 84' lang='lat'><strong>38,</strong></span> <span class='ocrx_word' id='word_1_52' title='bbox 655 727 688 778; x_wconf 88' lang='grc'>2</span> <span class='ocrx_word' id='word_1_53' title='bbox 721 721 777 776; x_wconf 91' lang='lat' dir='ltr'><strong>in</strong></span> <span class='ocrx_word' id='word_1_54' title='bbox 809 736 1045 790; x_wconf 76' lang='lat' dir='ltr'><strong>summu,</strong></span> <span class='ocrx_word' id='word_1_55' title='bbox 1077 733 1180 774; x_wconf 81' lang='lat' dir='ltr'><strong>em.</strong></span> <span class='ocrx_word' id='word_1_56' title='bbox 1213 721 1331 788; x_wconf 83' lang='lat' dir='ltr'><strong>Fa,</strong></span> <span class='ocrx_word' id='word_1_57' title='bbox 1374 720 1521 791; x_wconf 79' lang='lat' dir='ltr'><strong>quod</strong></span> <span class='ocrx_word' id='word_1_58' title='bbox 1545 719 1893 774; x_wconf 75' lang='lat' dir='ltr'><strong>idenrvitium</strong></span> <span class='ocrx_word' id='word_1_59' title='bbox 1930 725 2009 772; x_wconf 77' lang='lat' dir='ltr'><strong>est</strong></span> <span class='ocrx_word' id='word_1_60' title='bbox 2036 717 2118 772; x_wconf 84' lang='lat' dir='ltr'><strong>H.</strong></span> <span class='ocrx_word' id='word_1_61' title='bbox 2158 725 2239 789; x_wconf 66' lang='lat'><strong>2,</strong></span> <span class='ocrx_word' id='word_1_62' title='bbox 2276 725 2345 778; x_wconf 88' lang='lat'><strong>16</strong></span> <span class='ocrx_word' id='word_1_63' title='bbox 2372 710 2383 794; x_wconf 93' lang='grc' dir='ltr'>Ι</span> 
     </span>
     <span class='ocr_line' id='line_1_7' title="bbox 307 795 2383 883; baseline -0.002 -21"><span class='ocrx_word' id='word_1_64' title='bbox 307 809 364 862; x_wconf 64' lang='lat'><strong>⁸8</strong></span> <span class='ocrx_word' id='word_1_65' title='bbox 394 804 578 860; x_wconf 75' lang='lat' dir='ltr'><strong>afferri</strong></span> <span class='ocrx_word' id='word_1_66' title='bbox 629 796 640 883; x_wconf 96' lang='grc' dir='ltr'>Ι</span> <span class='ocrx_word' id='word_1_67' title='bbox 689 799 804 874; x_wconf 86' lang='grc'><strong>39,</strong></span> <span class='ocrx_word' id='word_1_68' title='bbox 847 811 914 864; x_wconf 87' lang='grc'><strong>19</strong></span> <span class='ocrx_word' id='word_1_69' title='bbox 944 810 1088 858; x_wconf 88' lang='lat' dir='ltr'><strong>metu</strong></span> <span class='ocrx_word' id='word_1_70' title='bbox 1130 801 1206 856; x_wconf 86' lang='lat' dir='ltr'><strong>L.-</strong></span> <span class='ocrx_word' id='word_1_71' title='bbox 1241 808 1423 872; x_wconf 84' lang='lat' dir='ltr'><strong>motu,</strong></span> <span class='ocrx_word' id='word_1_72' title='bbox 1464 819 1513 859; x_wconf 82' lang='lat' dir='ltr'><strong>v.</strong></span> <span class='ocrx_word' id='word_1_73' title='bbox 1562 803 1849 858; x_wconf 76' lang='lat' dir='ltr'><strong>Wurm.in</strong></span> <span class='ocrx_word' id='word_1_74' title='bbox 1879 801 2237 872; x_wconf 65' lang='lat' dir='ltr'><strong>Philomx,</strong></span> <span class='ocrx_word' id='word_1_75' title='bbox 2272 808 2343 862; x_wconf 85' lang='lat'><strong>87</strong></span> <span class='ocrx_word' id='word_1_76' title='bbox 2370 795 2383 877; x_wconf 95' lang='grc' dir='ltr'>Ι</span> 
     </span>
     <span class='ocr_line' id='line_1_8' title="bbox 327 881 1194 964; baseline -0.006 -18"><span class='ocrx_word' id='word_1_77' title='bbox 327 892 397 946; x_wconf 77' lang='grc'><strong>20</strong></span> <span class='ocrx_word' id='word_1_78' title='bbox 423 887 642 944; x_wconf 80' lang='lat' dir='ltr'><strong>nudatis</strong></span> <span class='ocrx_word' id='word_1_79' title='bbox 681 881 692 964; x_wconf 96' lang='grc' dir='ltr'>Ι</span> <span class='ocrx_word' id='word_1_80' title='bbox 728 893 793 947; x_wconf 83' lang='grc'><strong>27</strong></span> <span class='ocrx_word' id='word_1_81' title='bbox 827 887 975 957; x_wconf 81' lang='lat' dir='ltr'><strong>eapti</strong></span> <span class='ocrx_word' id='word_1_82' title='bbox 1009 885 1194 957; x_wconf 78' lang='lat' dir='ltr'><strong>gentis</strong></span> 
     </span>
    </p>

    <p class='ocr_par' dir='ltr' id='par_1_7' title="bbox 493 967 2383 1042">
     <span class='ocr_line' id='line_1_9' title="bbox 493 967 2383 1042; baseline -0.001 -16"><span class='ocrx_word' id='word_1_83' title='bbox 493 969 608 1042; x_wconf 82' lang='lat'><strong>40,</strong></span> <span class='ocrx_word' id='word_1_84' title='bbox 658 980 685 1030; x_wconf 94' lang='lat'>1</span> <span class='ocrx_word' id='word_1_85' title='bbox 718 970 852 1042; x_wconf 81' lang='lat' dir='ltr'><strong>fort.</strong></span> <span class='ocrx_word' id='word_1_86' title='bbox 885 969 1141 1039; x_wconf 80' lang='lat' dir='ltr'><strong>obsidio,</strong></span> <span class='ocrx_word' id='word_1_87' title='bbox 1185 969 1351 1035; x_wconf 86' lang='lat' dir='ltr'><strong>nihil;</strong></span> <span class='ocrx_word' id='word_1_88' title='bbox 1397 987 1527 1028; x_wconf 83' lang='lat' dir='ltr'><strong>nam</strong></span> <span class='ocrx_word' id='word_1_89' title='bbox 1562 971 1781 1026; x_wconf 75' lang='lat' dir='ltr'><em>Tacitus</em></span> <span class='ocrx_word' id='word_1_90' title='bbox 1816 970 1983 1024; x_wconf 75' lang='lat' dir='ltr'><strong>multo</strong></span> <span class='ocrx_word' id='word_1_91' title='bbox 2008 967 2383 1040; x_wconf 71' lang='lat' dir='ltr'><strong>frequentius</strong></span> 
     </span>
    </p>
   </div>
   <div class='ocr_carea' id='block_1_6' title="bbox 326 1048 2468 1130">
    <p class='ocr_par' dir='ltr' id='par_1_8' title="bbox 326 1048 2468 1130">
     <span class='ocr_line' id='line_1_10' title="bbox 326 1048 2468 1130; baseline -0 -22"><span class='ocrx_word' id='word_1_92' title='bbox 326 1051 562 1125; x_wconf 70' lang='lat' dir='ltr'><strong>usurpat</strong></span> <span class='ocrx_word' id='word_1_93' title='bbox 606 1067 800 1110; x_wconf 80' lang='lat' dir='ltr'><strong>nomen</strong></span> <span class='ocrx_word' id='word_1_94' title='bbox 845 1053 1121 1110; x_wconf 84' lang='lat' dir='ltr'><strong>obsidium</strong></span> <span class='ocrx_word' id='word_1_95' title='bbox 1159 1069 1325 1125; x_wconf 78' lang='lat' dir='ltr'><strong>quam</strong></span> <span class='ocrx_word' id='word_1_96' title='bbox 1360 1055 1581 1111; x_wconf 87' lang='lat' dir='ltr'><strong>obsidio</strong></span> <span class='ocrx_word' id='word_1_97' title='bbox 1620 1048 1629 1130; x_wconf 96' lang='grc' dir='ltr'>Ι</span> <span class='ocrx_word' id='word_1_98' title='bbox 1668 1059 1735 1113; x_wconf 96' lang='grc'><strong>12</strong></span> <span class='ocrx_word' id='word_1_99' title='bbox 1764 1068 1935 1110; x_wconf 76' lang='lat' dir='ltr'><strong>cornu</strong></span> <span class='ocrx_word' id='word_1_100' title='bbox 1976 1052 2239 1108; x_wconf 80' lang='lat' dir='ltr'><strong>sinistro·</strong></span> <span class='ocrx_word' id='word_1_101' title='bbox 2276 1053 2352 1106; x_wconf 87' lang='lat' dir='ltr'><em>W</em></span> <span class='ocrx_word' id='word_1_102' title='bbox 2361 1075 2376 1107; x_wconf 85' lang='grc'><strong>.-</strong></span> <span class='ocrx_word' id='word_1_103' title='bbox 2466 1060 2468 1072; x_wconf 63' lang='lat'><em>³</em></span> 
     </span>
    </p>
   </div>
   <div class='ocr_carea' id='block_1_7' title="bbox 217 1129 2371 1383">
    <p class='ocr_par' dir='ltr' id='par_1_9' title="bbox 217 1129 2371 1383">
     <span class='ocr_line' id='line_1_11' title="bbox 327 1129 2316 1211; baseline 0 -19"><span class='ocrx_word' id='word_1_104' title='bbox 327 1153 529 1194; x_wconf 76' lang='lat' dir='ltr'><strong>eol-uus</strong></span> <span class='ocrx_word' id='word_1_105' title='bbox 559 1139 616 1193; x_wconf 90' lang='lat' dir='ltr'><strong>in</strong></span> <span class='ocrx_word' id='word_1_106' title='bbox 645 1138 876 1194; x_wconf 83' lang='lat' dir='ltr'><strong>sinistro</strong></span> <span class='ocrx_word' id='word_1_107' title='bbox 916 1129 926 1211; x_wconf 96' lang='grc' dir='ltr'>Ι</span> <span class='ocrx_word' id='word_1_108' title='bbox 967 1142 1032 1196; x_wconf 87' lang='lat'><strong>14</strong></span> <span class='ocrx_word' id='word_1_109' title='bbox 1060 1137 1129 1193; x_wconf 77' lang='lat' dir='ltr'><strong>ad</strong></span> <span class='ocrx_word' id='word_1_110' title='bbox 1159 1137 1325 1193; x_wconf 76' lang='lat' dir='ltr'><strong>ictum</strong></span> <span class='ocrx_word' id='word_1_111' title='bbox 1356 1139 1578 1193; x_wconf 76' lang='lat' dir='ltr'><strong>Baiter.-</strong></span> <span class='ocrx_word' id='word_1_112' title='bbox 1608 1130 1931 1210; x_wconf 36' lang='lat' dir='ltr'><strong>addietum-1</strong></span> <span class='ocrx_word' id='word_1_113' title='bbox 1969 1141 2036 1194; x_wconf 88' lang='grc'><strong>16</strong></span> <span class='ocrx_word' id='word_1_114' title='bbox 2065 1135 2316 1192; x_wconf 79' lang='lat' dir='ltr'><strong>diuerso</strong></span> 
     </span>
     <span class='ocr_line' id='line_1_12' title="bbox 493 1216 2371 1293; baseline -0.001 -17"><span class='ocrx_word' id='word_1_115' title='bbox 493 1218 562 1276; x_wconf 89' lang='grc'><strong>41</strong></span> <span class='ocrx_word' id='word_1_116' title='bbox 587 1259 606 1289; x_wconf 89' lang='grc'>,</span> <span class='ocrx_word' id='word_1_117' title='bbox 641 1217 676 1280; x_wconf 77' lang='grc'><strong>5“</strong></span> <span class='ocrx_word' id='word_1_118' title='bbox 705 1221 1010 1292; x_wconf 78' lang='lat' dir='ltr'><strong>praemissa</strong></span> <span class='ocrx_word' id='word_1_119' title='bbox 1032 1219 1116 1275; x_wconf 84' lang='lat' dir='ltr'><strong>H.-</strong></span> <span class='ocrx_word' id='word_1_120' title='bbox 1146 1222 1562 1292; x_wconf 81' lang='lat' dir='ltr'><strong>praemissaque</strong></span> <span class='ocrx_word' id='word_1_121' title='bbox 1594 1217 2041 1293; x_wconf 74' lang='lat' dir='ltr'><strong>(praemissaque</strong></span> <span class='ocrx_word' id='word_1_122' title='bbox 2070 1219 2231 1276; x_wconf 82' lang='lat' dir='ltr'><strong>levis</strong></span> <span class='ocrx_word' id='word_1_123' title='bbox 2264 1216 2371 1292; x_wconf 84' lang='lat' dir='ltr'><em>al.)</em></span> 
     </span>
     <span class='ocr_line' id='line_1_13' title="bbox 217 1295 2367 1383; baseline -0.001 -24"><span class='ocrx_word' id='word_1_124' title='bbox 217 1317 238 1330; x_wconf 82' lang='lat'><strong><em>‘</em></strong></span> <span class='ocrx_word' id='word_1_125' title='bbox 329 1295 342 1382; x_wconf 97' lang='grc' dir='ltr'>Ι</span> <span class='ocrx_word' id='word_1_126' title='bbox 371 1311 407 1364; x_wconf 83' lang='grc'>8</span> <span class='ocrx_word' id='word_1_127' title='bbox 441 1305 679 1360; x_wconf 75' lang='lat' dir='ltr'><strong>artaxati</strong></span> <span class='ocrx_word' id='word_1_128' title='bbox 718 1300 728 1383; x_wconf 97' lang='grc' dir='ltr'>Ι</span> <span class='ocrx_word' id='word_1_129' title='bbox 763 1313 833 1364; x_wconf 83' lang='grc'><strong>10</strong></span> <span class='ocrx_word' id='word_1_130' title='bbox 861 1311 1082 1359; x_wconf 86' lang='lat' dir='ltr'><strong>teneres</strong></span> <span class='ocrx_word' id='word_1_131' title='bbox 1108 1303 1167 1358; x_wconf 86' lang='lat' dir='ltr'><strong><em>N</em></strong></span> <span class='ocrx_word' id='word_1_132' title='bbox 1171 1326 1190 1365; x_wconf 89' lang='lat'><em>;</em></span> <span class='ocrx_word' id='word_1_133' title='bbox 1226 1305 1439 1359; x_wconf 79' lang='lat' dir='ltr'><strong>videtur</strong></span> <span class='ocrx_word' id='word_1_134' title='bbox 1456 1307 1643 1376; x_wconf 77' lang='lat' dir='ltr'><strong>potius</strong></span> <span class='ocrx_word' id='word_1_135' title='bbox 1676 1309 1935 1376; x_wconf 75' lang='lat' dir='ltr'><strong>poterant</strong></span> <span class='ocrx_word' id='word_1_136' title='bbox 1960 1304 2331 1358; x_wconf 65' lang='lat' dir='ltr'><strong>mter-cidisse.</strong></span> <span class='ocrx_word' id='word_1_137' title='bbox 2358 1295 2367 1378; x_wconf 96' lang='grc' dir='ltr'>Ι</span> 
     </span>
    </p>
   </div>
   <div class='ocr_carea' id='block_1_8' title="bbox 325 1385 2470 1462">
    <p class='ocr_par' dir='ltr' id='par_1_10' title="bbox 325 1385 2470 1462">
     <span class='ocr_line' id='line_1_14' title="bbox 325 1385 2470 1462; baseline 0.001 -22"><span class='ocrx_word' id='word_1_138' title='bbox 325 1395 392 1446; x_wconf 83' lang='lat'><strong>15</strong></span> <span class='ocrx_word' id='word_1_139' title='bbox 431 1387 596 1441; x_wconf 79' lang='lat' dir='ltr'><strong>tectis</strong></span> <span class='ocrx_word' id='word_1_140' title='bbox 628 1395 856 1443; x_wconf 77' lang='lat' dir='ltr'><strong>actenus</strong></span> <span class='ocrx_word' id='word_1_141' title='bbox 899 1389 1022 1441; x_wconf 79' lang='lat' dir='ltr'><strong>incl.</strong></span> <span class='ocrx_word' id='word_1_142' title='bbox 1059 1385 1162 1447; x_wconf 80' lang='lat' dir='ltr'><strong>Ri,·</strong></span> <span class='ocrx_word' id='word_1_143' title='bbox 1199 1389 1367 1444; x_wconf 80' lang='lat' dir='ltr'><strong>teetis</strong></span> <span class='ocrx_word' id='word_1_144' title='bbox 1402 1405 1467 1444; x_wconf 79' lang='lat' dir='ltr'><strong>ee</strong></span> <span class='ocrx_word' id='word_1_145' title='bbox 1506 1389 1793 1443; x_wconf 80' lang='lat' dir='ltr'><strong>moenibus</strong></span> <span class='ocrx_word' id='word_1_146' title='bbox 1834 1393 1993 1442; x_wconf 83' lang='lat' dir='ltr'><strong>tenus</strong></span> <span class='ocrx_word' id='word_1_147' title='bbox 2026 1386 2145 1454; x_wconf 65' lang='grc' dir='ltr'>ΒΖ,</span> <span class='ocrx_word' id='word_1_148' title='bbox 2200 1388 2369 1443; x_wconf 81' lang='lat' dir='ltr'><strong>tectis</strong></span> <span class='ocrx_word' id='word_1_149' title='bbox 2467 1429 2470 1462; x_wconf 39' lang='grc' dir='ltr'>ἐ</span> 
     </span>
    </p>
   </div>
   <div class='ocr_carea' id='block_1_9' title="bbox 2460 197 2464 248">
    <p class='ocr_par' dir='ltr' id='par_1_11' title="bbox 2460 197 2464 248">
     <span class='ocr_line' id='line_1_15' title="bbox 2460 197 2464 248; baseline 0 0"><span class='ocrx_word' id='word_1_150' title='bbox 2460 197 2464 248; x_wconf 67' lang='grc' dir='ltr'>Ι</span> 
     </span>
    </p>
   </div>
   <div class='ocr_carea' id='block_1_10' title="bbox 2462 265 2467 578">
    <p class='ocr_par' dir='ltr' id='par_1_12' title="bbox 2462 265 2467 578">
     <span class='ocr_line' id='line_1_16' title="bbox 2462 265 2467 578; baseline 0 0"><span class='ocrx_word' id='word_1_151' title='bbox 2462 265 2467 578; x_wconf 95' lang='lat' dir='ltr'><strong> </strong></span> 
     </span>
    </p>
   </div>
   <div class='ocr_carea' id='block_1_11' title="bbox 2464 697 2469 1050">
    <p class='ocr_par' dir='ltr' id='par_1_13' title="bbox 2464 697 2469 1050">
     <span class='ocr_line' id='line_1_17' title="bbox 2464 697 2469 1050; baseline 0 2950"><span class='ocrx_word' id='word_1_152' title='bbox 2464 697 2469 1050; x_wconf 95' lang='lat' dir='ltr'><strong> </strong></span> 
     </span>
    </p>
   </div>
   <div class='ocr_carea' id='block_1_12' title="bbox 2465 1087 2471 1426">
    <p class='ocr_par' dir='ltr' id='par_1_14' title="bbox 2465 1087 2471 1426">
     <span class='ocr_line' id='line_1_18' title="bbox 2465 1087 2471 1426; baseline 0 2574"><span class='ocrx_word' id='word_1_153' title='bbox 2465 1087 2471 1426; x_wconf 95' lang='lat' dir='ltr'><strong> </strong></span> 
     </span>
    </p>
   </div>
   <div class='ocr_carea' id='block_1_13' title="bbox 326 1465 2470 1544">
    <p class='ocr_par' dir='ltr' id='par_1_15' title="bbox 326 1465 2470 1544">
     <span class='ocr_line' id='line_1_19' title="bbox 326 1465 2470 1544; baseline 0 -20"><span class='ocrx_word' id='word_1_154' title='bbox 326 1481 392 1524; x_wconf 83' lang='lat' dir='ltr'><strong>ac</strong></span> <span class='ocrx_word' id='word_1_155' title='bbox 419 1469 600 1540; x_wconf 82' lang='lat' dir='ltr'><strong>portis</strong></span> <span class='ocrx_word' id='word_1_156' title='bbox 630 1476 790 1525; x_wconf 87' lang='lat' dir='ltr'><strong>tenus</strong></span> <span class='ocrx_word' id='word_1_157' title='bbox 825 1470 910 1535; x_wconf 87' lang='lat' dir='ltr'><strong>W,</strong></span> <span class='ocrx_word' id='word_1_158' title='bbox 941 1468 1226 1527; x_wconf 76' lang='lat' dir='ltr'><strong>Artaxatis</strong></span> <span class='ocrx_word' id='word_1_159' title='bbox 1250 1475 1411 1526; x_wconf 83' lang='lat' dir='ltr'><strong>tenus</strong></span> <span class='ocrx_word' id='word_1_160' title='bbox 1424 1474 1489 1539; x_wconf 87' lang='lat' dir='ltr'><strong>A,</strong></span> <span class='ocrx_word' id='word_1_161' title='bbox 1522 1476 1713 1526; x_wconf 79' lang='lat' dir='ltr'><strong>cuneta</strong></span> <span class='ocrx_word' id='word_1_162' title='bbox 1738 1467 1919 1544; x_wconf 81' lang='lat' dir='ltr'><strong>[extra</strong></span> <span class='ocrx_word' id='word_1_163' title='bbox 1944 1465 2135 1544; x_wconf 77' lang='lat' dir='ltr'><strong>tectis]</strong></span> <span class='ocrx_word' id='word_1_164' title='bbox 2168 1471 2367 1526; x_wconf 75' lang='lat' dir='ltr'><strong>haete-</strong></span> <span class='ocrx_word' id='word_1_165' title='bbox 2467 1491 2470 1544; x_wconf 66' lang='grc' dir='ltr'>ς</span> 
     </span>
    </p>
   </div>
   <div class='ocr_carea' id='block_1_14' title="bbox 325 1543 2364 1713">
    <p class='ocr_par' dir='ltr' id='par_1_16' title="bbox 325 1543 2364 1713">
     <span class='ocr_line' id='line_1_20' title="bbox 325 1543 2364 1629; baseline 0 -22"><span class='ocrx_word' id='word_1_166' title='bbox 325 1569 427 1608; x_wconf 89' lang='lat' dir='ltr'><strong>nus</strong></span> <span class='ocrx_word' id='word_1_167' title='bbox 471 1552 528 1606; x_wconf 87' lang='lat' dir='ltr'><em>N</em></span> <span class='ocrx_word' id='word_1_168' title='bbox 571 1543 581 1629; x_wconf 94' lang='grc' dir='ltr'>Ι</span> <span class='ocrx_word' id='word_1_169' title='bbox 627 1559 694 1612; x_wconf 85' lang='grc'><strong>16</strong></span> <span class='ocrx_word' id='word_1_170' title='bbox 728 1557 956 1623; x_wconf 87' lang='lat' dir='ltr'><strong>repente</strong></span> <span class='ocrx_word' id='word_1_171' title='bbox 996 1551 1145 1608; x_wconf 78' lang='lat' dir='ltr'><strong>Med.</strong></span> <span class='ocrx_word' id='word_1_172' title='bbox 1173 1553 1335 1608; x_wconf 78' lang='lat' dir='ltr'><strong>habet</strong></span> <span class='ocrx_word' id='word_1_173' title='bbox 1372 1560 1498 1610; x_wconf 80' lang='lat' dir='ltr'><strong>ante</strong></span> <span class='ocrx_word' id='word_1_174' title='bbox 1530 1555 1853 1623; x_wconf 82' lang='lat' dir='ltr'><strong>moenibus,</strong></span> <span class='ocrx_word' id='word_1_175' title='bbox 1896 1553 2021 1609; x_wconf 83' lang='lat' dir='ltr'><strong>edd.</strong></span> <span class='ocrx_word' id='word_1_176' title='bbox 2050 1555 2203 1626; x_wconf 73' lang='lat' dir='ltr'><strong>may.</strong></span> <span class='ocrx_word' id='word_1_177' title='bbox 2242 1560 2364 1608; x_wconf 79' lang='lat' dir='ltr'><strong>ante</strong></span> 
     </span>
     <span class='ocr_line' id='line_1_21' title="bbox 325 1628 2363 1713; baseline 0 -22"><span class='ocrx_word' id='word_1_178' title='bbox 325 1641 442 1692; x_wconf 76' lang='lat' dir='ltr'><strong>ntra</strong></span> <span class='ocrx_word' id='word_1_179' title='bbox 478 1628 493 1713; x_wconf 98' lang='grc' dir='ltr'>Ι</span> <span class='ocrx_word' id='word_1_180' title='bbox 530 1634 954 1706; x_wconf 77' lang='lat' dir='ltr'><strong>fulguribusque</strong></span> <span class='ocrx_word' id='word_1_181' title='bbox 983 1638 1090 1707; x_wconf 79' lang='lat' dir='ltr'><strong>aL,</strong></span> <span class='ocrx_word' id='word_1_182' title='bbox 1128 1653 1178 1692; x_wconf 87' lang='lat' dir='ltr'><strong>v.</strong></span> <span class='ocrx_word' id='word_1_183' title='bbox 1209 1637 1438 1692; x_wconf 75' lang='lat' dir='ltr'><strong>Lachm.</strong></span> <span class='ocrx_word' id='word_1_184' title='bbox 1466 1639 1543 1692; x_wconf 77' lang='lat' dir='ltr'><strong>ad</strong></span> <span class='ocrx_word' id='word_1_185' title='bbox 1566 1637 1735 1693; x_wconf 82' lang='lat' dir='ltr'><strong>Lucr.</strong></span> <span class='ocrx_word' id='word_1_186' title='bbox 1785 1636 1894 1706; x_wconf 83' lang='lat' dir='ltr'><strong>VI,</strong></span> <span class='ocrx_word' id='word_1_187' title='bbox 1928 1641 2039 1693; x_wconf 87' lang='lat'><strong>170</strong></span> <span class='ocrx_word' id='word_1_188' title='bbox 2072 1628 2087 1713; x_wconf 93' lang='grc' dir='ltr'>Ι</span> <span class='ocrx_word' id='word_1_189' title='bbox 2126 1643 2202 1697; x_wconf 88' lang='grc'><strong>18</strong></span> <span class='ocrx_word' id='word_1_190' title='bbox 2232 1655 2363 1694; x_wconf 83' lang='lat' dir='ltr'><strong>con-</strong></span> 
     </span>
    </p>
   </div>
   <div class='ocr_carea' id='block_1_15' title="bbox 329 1719 1070 1775">
    <p class='ocr_par' dir='ltr' id='par_1_17' title="bbox 329 1719 1070 1775">
     <span class='ocr_line' id='line_1_22' title="bbox 329 1719 1070 1775; baseline 0.001 -1"><span class='ocrx_word' id='word_1_191' title='bbox 329 1719 600 1774; x_wconf 73' lang='lat' dir='ltr'><strong>salutatus</strong></span> <span class='ocrx_word' id='word_1_192' title='bbox 632 1719 687 1774; x_wconf 83' lang='lat' dir='ltr'><em>R</em></span> <span class='ocrx_word' id='word_1_193' title='bbox 705 1743 720 1774; x_wconf 83' lang='lat'><strong>.-</strong></span> <span class='ocrx_word' id='word_1_194' title='bbox 749 1721 1070 1775; x_wconf 66' lang='lat' dir='ltr'><strong>consolatus</strong></span> 
     </span>
    </p>
   </div>
   <div class='ocr_carea' id='block_1_16' title="bbox 492 1779 2472 1877">
    <p class='ocr_par' dir='ltr' id='par_1_18' title="bbox 492 1779 2472 1877">
     <span class='ocr_line' id='line_1_23' title="bbox 492 1779 2472 1877; baseline 0.001 -21"><span class='ocrx_word' id='word_1_195' title='bbox 492 1797 606 1871; x_wconf 85' lang='lat'><strong>42,</strong></span> <span class='ocrx_word' id='word_1_196' title='bbox 631 1869 637 1875; x_wconf 39' lang='grc'>,</span> <span class='ocrx_word' id='word_1_197' title='bbox 662 1809 730 1861; x_wconf 90' lang='grc'><strong>14</strong></span> <span class='ocrx_word' id='word_1_198' title='bbox 769 1803 1138 1860; x_wconf 68' lang='lat' dir='ltr'><strong>extimendum</strong></span> <span class='ocrx_word' id='word_1_199' title='bbox 1185 1799 1641 1876; x_wconf 74' lang='lat' dir='ltr'><strong>(existimandum</strong></span> <span class='ocrx_word' id='word_1_200' title='bbox 1670 1779 1823 1877; x_wconf 36' lang='lat' dir='ltr'><strong>-al.),·</strong></span> <span class='ocrx_word' id='word_1_201' title='bbox 1876 1802 1955 1874; x_wconf 81' lang='lat' dir='ltr'><strong>cf.</strong></span> <span class='ocrx_word' id='word_1_202' title='bbox 1997 1802 2155 1858; x_wconf 79' lang='lat' dir='ltr'><strong>Caes.</strong></span> <span class='ocrx_word' id='word_1_203' title='bbox 2212 1805 2265 1859; x_wconf 82' lang='lat' dir='ltr'><strong>b.</strong></span> <span class='ocrx_word' id='word_1_204' title='bbox 2300 1806 2364 1860; x_wconf 79' lang='lat' dir='ltr'><strong>G.</strong></span> <span class='ocrx_word' id='word_1_205' title='bbox 2470 1808 2472 1826; x_wconf 84' lang='lat'>²</span> 
     </span>
    </p>
   </div>
   <div class='ocr_carea' id='block_1_17' title="bbox 203 1881 2363 3551">
    <p class='ocr_par' dir='ltr' id='par_1_19' title="bbox 322 1881 2363 2049">
     <span class='ocr_line' id='line_1_24' title="bbox 322 1881 2363 1966; baseline 0 -22"><span class='ocrx_word' id='word_1_206' title='bbox 322 1890 354 1944; x_wconf 90' lang='grc'><strong>7</strong></span> <span class='ocrx_word' id='word_1_207' title='bbox 373 1925 390 1955; x_wconf 91' lang='grc'>,</span> <span class='ocrx_word' id='word_1_208' title='bbox 421 1890 486 1943; x_wconf 86' lang='grc'><strong>14</strong></span> <span class='ocrx_word' id='word_1_209' title='bbox 513 1886 682 1941; x_wconf 87' lang='lat' dir='ltr'><strong>multo</strong></span> <span class='ocrx_word' id='word_1_210' title='bbox 713 1886 810 1943; x_wconf 78' lang='lat' dir='ltr'><strong>illa</strong></span> <span class='ocrx_word' id='word_1_211' title='bbox 843 1888 1070 1956; x_wconf 75' lang='lat' dir='ltr'><strong>gravius</strong></span> <span class='ocrx_word' id='word_1_212' title='bbox 1103 1888 1399 1943; x_wconf 74' lang='lat' dir='ltr'><strong>aestimare</strong></span> <span class='ocrx_word' id='word_1_213' title='bbox 1430 1895 1531 1944; x_wconf 82' lang='lat' dir='ltr'><strong>etc.</strong></span> <span class='ocrx_word' id='word_1_214' title='bbox 1571 1881 1581 1966; x_wconf 97' lang='grc' dir='ltr'>Ι</span> <span class='ocrx_word' id='word_1_215' title='bbox 1630 1894 1699 1944; x_wconf 88' lang='grc'><strong>22</strong></span> <span class='ocrx_word' id='word_1_216' title='bbox 1728 1904 1795 1942; x_wconf 79' lang='lat' dir='ltr'><strong>ae</strong></span> <span class='ocrx_word' id='word_1_217' title='bbox 1825 1885 2363 1961; x_wconf 58' lang='lat' dir='ltr'><strong>dicendeSpenqeix</strong></span> 
     </span>
     <span class='ocr_line' id='line_1_25' title="bbox 324 1965 1959 2049; baseline -0.001 -23"><span class='ocrx_word' id='word_1_218' title='bbox 324 1984 389 2027; x_wconf 79' lang='lat' dir='ltr'><strong>ac</strong></span> <span class='ocrx_word' id='word_1_219' title='bbox 425 1965 494 2039; x_wconf 74' lang='grc' dir='ltr'>ᾱό</span> <span class='ocrx_word' id='word_1_220' title='bbox 518 1966 768 2045; x_wconf 80' lang='lat' dir='ltr'><strong>(agendo</strong></span> <span class='ocrx_word' id='word_1_221' title='bbox 799 1971 868 2040; x_wconf 90' lang='lat' dir='ltr'><strong>D,</strong></span> <span class='ocrx_word' id='word_1_222' title='bbox 905 1987 970 2027; x_wconf 81' lang='lat' dir='ltr'><strong>ao</strong></span> <span class='ocrx_word' id='word_1_223' title='bbox 998 1972 1145 2029; x_wconf 89' lang='lat' dir='ltr'><strong>domi</strong></span> <span class='ocrx_word' id='word_1_224' title='bbox 1181 1969 1301 2047; x_wconf 85' lang='lat' dir='ltr'><strong>JG)</strong></span> <span class='ocrx_word' id='word_1_225' title='bbox 1339 1965 1349 2049; x_wconf 96' lang='grc' dir='ltr'>Ι</span> <span class='ocrx_word' id='word_1_226' title='bbox 1391 1971 1746 2042; x_wconf 78' lang='lat' dir='ltr'><strong>submittere,</strong></span> <span class='ocrx_word' id='word_1_227' title='bbox 1776 1986 1877 2027; x_wconf 85' lang='lat' dir='ltr'><strong>em.</strong></span> <span class='ocrx_word' id='word_1_228' title='bbox 1912 1969 1959 2025; x_wconf 86' lang='lat' dir='ltr'><em>L</em></span> 
     </span>
    </p>

    <p class='ocr_par' dir='ltr' id='par_1_20' title="bbox 323 2046 2360 2213">
     <span class='ocr_line' id='line_1_26' title="bbox 489 2046 2360 2134; baseline 0.001 -25"><span class='ocrx_word' id='word_1_229' title='bbox 489 2049 604 2123; x_wconf 83' lang='lat'><strong>43,</strong></span> <span class='ocrx_word' id='word_1_230' title='bbox 634 2061 670 2113; x_wconf 85' lang='lat'>4</span> <span class='ocrx_word' id='word_1_231' title='bbox 699 2055 1012 2111; x_wconf 79' lang='lat' dir='ltr'><strong>detulerant</strong></span> <span class='ocrx_word' id='word_1_232' title='bbox 1039 2058 1130 2131; x_wconf 74' lang='grc' dir='ltr'><strong>ῌθ</strong></span> <span class='ocrx_word' id='word_1_233' title='bbox 1165 2048 1174 2134; x_wconf 98' lang='grc' dir='ltr'>Ι</span> <span class='ocrx_word' id='word_1_234' title='bbox 1213 2064 1245 2115; x_wconf 87' lang='grc'>5</span> <span class='ocrx_word' id='word_1_235' title='bbox 1280 2058 1457 2112; x_wconf 86' lang='lat' dir='ltr'><strong>visum</strong></span> <span class='ocrx_word' id='word_1_236' title='bbox 1486 2058 1566 2111; x_wconf 84' lang='lat' dir='ltr'><strong>E.-</strong></span> <span class='ocrx_word' id='word_1_237' title='bbox 1596 2056 1775 2111; x_wconf 85' lang='lat' dir='ltr'><strong>uisum</strong></span> <span class='ocrx_word' id='word_1_238' title='bbox 1804 2056 1905 2111; x_wconf 86' lang='lat' dir='ltr'><strong>sub</strong></span> <span class='ocrx_word' id='word_1_239' title='bbox 1946 2046 1957 2132; x_wconf 97' lang='grc' dir='ltr'>Ι</span> <span class='ocrx_word' id='word_1_240' title='bbox 1994 2062 2061 2113; x_wconf 95' lang='grc'><strong>15</strong></span> <span class='ocrx_word' id='word_1_241' title='bbox 2094 2057 2360 2127; x_wconf 83' lang='lat' dir='ltr'><strong>protendi</strong></span> 
     </span>
     <span class='ocr_line' id='line_1_27' title="bbox 323 2128 1969 2213; baseline 0.002 -20"><span class='ocrx_word' id='word_1_242' title='bbox 323 2128 337 2213; x_wconf 93' lang='grc' dir='ltr'>Ι</span> <span class='ocrx_word' id='word_1_243' title='bbox 365 2143 434 2197; x_wconf 89' lang='grc'><strong>20</strong></span> <span class='ocrx_word' id='word_1_244' title='bbox 467 2137 623 2207; x_wconf 75' lang='lat' dir='ltr'><strong>auia,</strong></span> <span class='ocrx_word' id='word_1_245' title='bbox 661 2152 762 2191; x_wconf 86' lang='lat' dir='ltr'><strong>em.</strong></span> <span class='ocrx_word' id='word_1_246' title='bbox 793 2139 850 2191; x_wconf 82' lang='lat' dir='ltr'><em>F</em></span> <span class='ocrx_word' id='word_1_247' title='bbox 876 2134 888 2213; x_wconf 80' lang='grc' dir='ltr'>Ι</span> <span class='ocrx_word' id='word_1_248' title='bbox 927 2144 992 2199; x_wconf 90' lang='grc'><strong>21</strong></span> <span class='ocrx_word' id='word_1_249' title='bbox 1022 2137 1206 2197; x_wconf 73' lang='grc' dir='ltr'>ίηεῑιὶεί</span> <span class='ocrx_word' id='word_1_250' title='bbox 1962 2170 1969 2183; x_wconf 84' lang='lat'><strong>·</strong></span> 
     </span>
    </p>

    <p class='ocr_par' dir='ltr' id='par_1_21' title="bbox 321 2216 2361 2461">
     <span class='ocr_line' id='line_1_28' title="bbox 481 2216 2360 2300; baseline 0.004 -25"><span class='ocrx_word' id='word_1_251' title='bbox 481 2216 596 2288; x_wconf 78' lang='lat'><strong>44,</strong></span> <span class='ocrx_word' id='word_1_252' title='bbox 641 2226 704 2278; x_wconf 92' lang='lat'><strong>11</strong></span> <span class='ocrx_word' id='word_1_253' title='bbox 736 2220 793 2274; x_wconf 91' lang='lat' dir='ltr'><strong>in</strong></span> <span class='ocrx_word' id='word_1_254' title='bbox 821 2226 1159 2291; x_wconf 86' lang='lat' dir='ltr'><strong>postremum</strong></span> <span class='ocrx_word' id='word_1_255' title='bbox 1197 2217 1206 2300; x_wconf 96' lang='grc' dir='ltr'>Ι</span> <span class='ocrx_word' id='word_1_256' title='bbox 1246 2232 1311 2283; x_wconf 84' lang='lat'><strong>15</strong></span> <span class='ocrx_word' id='word_1_257' title='bbox 1342 2223 1611 2292; x_wconf 86' lang='lat' dir='ltr'><strong>libidine,</strong></span> <span class='ocrx_word' id='word_1_258' title='bbox 1639 2238 1741 2279; x_wconf 78' lang='lat' dir='ltr'><strong>em·</strong></span> <span class='ocrx_word' id='word_1_259' title='bbox 1766 2221 1855 2283; x_wconf 82' lang='lat' dir='ltr'><strong>R,-</strong></span> <span class='ocrx_word' id='word_1_260' title='bbox 1882 2221 1960 2292; x_wconf 81' lang='lat' dir='ltr'><strong>cf.</strong></span> <span class='ocrx_word' id='word_1_261' title='bbox 1994 2228 2091 2291; x_wconf 85' lang='lat'><strong>13,</strong></span> <span class='ocrx_word' id='word_1_262' title='bbox 2126 2228 2232 2287; x_wconf 86' lang='grc'>54;</span> <span class='ocrx_word' id='word_1_263' title='bbox 2278 2229 2360 2292; x_wconf 78' lang='lat'><strong>14,</strong></span> 
     </span>
     <span class='ocr_line' id='line_1_29' title="bbox 321 2294 2361 2379; baseline 0 -18"><span class='ocrx_word' id='word_1_264' title='bbox 321 2307 421 2365; x_wconf 82' lang='grc'>54;</span> <span class='ocrx_word' id='word_1_265' title='bbox 455 2310 553 2372; x_wconf 86' lang='grc'><strong>15,</strong></span> <span class='ocrx_word' id='word_1_266' title='bbox 585 2307 653 2360; x_wconf 87' lang='grc'><strong>60</strong></span> <span class='ocrx_word' id='word_1_267' title='bbox 705 2294 715 2379; x_wconf 97' lang='grc' dir='ltr'>Ι</span> <span class='ocrx_word' id='word_1_268' title='bbox 765 2318 838 2357; x_wconf 84' lang='lat' dir='ltr'><strong>ex</strong></span> <span class='ocrx_word' id='word_1_269' title='bbox 880 2319 984 2372; x_wconf 75' lang='lat' dir='ltr'><strong>qua</strong></span> <span class='ocrx_word' id='word_1_270' title='bbox 1026 2305 1286 2363; x_wconf 77' lang='lat' dir='ltr'><strong>incensus</strong></span> <span class='ocrx_word' id='word_1_271' title='bbox 1324 2306 1570 2361; x_wconf 73' lang='lat' dir='ltr'><strong>Belclcere</strong></span> <span class='ocrx_word' id='word_1_272' title='bbox 1615 2307 1671 2361; x_wconf 81' lang='lat' dir='ltr'><strong>e&#39;t</strong></span> <span class='ocrx_word' id='word_1_273' title='bbox 1716 2306 1987 2376; x_wconf 80' lang='lat' dir='ltr'><strong>quaestim</strong></span> <span class='ocrx_word' id='word_1_274' title='bbox 2030 2320 2240 2362; x_wconf 75' lang='lat' dir='ltr'><strong>census</strong></span> <span class='ocrx_word' id='word_1_275' title='bbox 2274 2303 2361 2379; x_wconf 79' lang='lat' dir='ltr'><strong>(et</strong></span> 
     </span>
     <span class='ocr_line' id='line_1_30' title="bbox 323 2384 1833 2461; baseline 0.002 -21"><span class='ocrx_word' id='word_1_276' title='bbox 323 2384 482 2455; x_wconf 80' lang='lat' dir='ltr'><strong>quasi</strong></span> <span class='ocrx_word' id='word_1_277' title='bbox 510 2384 768 2441; x_wconf 73' lang='lat' dir='ltr'><strong>incensus</strong></span> <span class='ocrx_word' id='word_1_278' title='bbox 800 2384 914 2456; x_wconf 80' lang='lat' dir='ltr'><strong>JG,</strong></span> <span class='ocrx_word' id='word_1_279' title='bbox 947 2393 1110 2459; x_wconf 77' lang='lat' dir='ltr'><strong>atque</strong></span> <span class='ocrx_word' id='word_1_280' title='bbox 1144 2398 1302 2445; x_wconf 79' lang='lat' dir='ltr'><strong>aestu</strong></span> <span class='ocrx_word' id='word_1_281' title='bbox 1332 2390 1591 2445; x_wconf 82' lang='lat' dir='ltr'><strong>incensus</strong></span> <span class='ocrx_word' id='word_1_282' title='bbox 1619 2384 1833 2461; x_wconf 82' lang='lat' dir='ltr'><strong>Hiller)</strong></span> 
     </span>
    </p>

    <p class='ocr_par' dir='ltr' id='par_1_22' title="bbox 303 2464 2361 2958">
     <span class='ocr_line' id='line_1_31' title="bbox 489 2464 2361 2551; baseline 0.003 -26"><span class='ocrx_word' id='word_1_283' title='bbox 489 2465 606 2538; x_wconf 71' lang='lat'><strong>45,</strong></span> <span class='ocrx_word' id='word_1_284' title='bbox 663 2474 700 2527; x_wconf 89' lang='lat'>4</span> <span class='ocrx_word' id='word_1_285' title='bbox 741 2470 1053 2527; x_wconf 77' lang='lat' dir='ltr'><strong>consularis</strong></span> <span class='ocrx_word' id='word_1_286' title='bbox 1101 2479 1156 2527; x_wconf 86' lang='lat' dir='ltr'><strong>et</strong></span> <span class='ocrx_word' id='word_1_287' title='bbox 1196 2472 1541 2544; x_wconf 73' lang='lat' dir='ltr'><strong>triumphalis</strong></span> <span class='ocrx_word' id='word_1_288' title='bbox 1589 2464 1601 2551; x_wconf 94' lang='grc' dir='ltr'>Ι</span> <span class='ocrx_word' id='word_1_289' title='bbox 1652 2479 1685 2532; x_wconf 90' lang='grc'><strong>6</strong></span> <span class='ocrx_word' id='word_1_290' title='bbox 1724 2472 1835 2528; x_wconf 77' lang='lat' dir='ltr'><strong>aliu</strong></span> <span class='ocrx_word' id='word_1_291' title='bbox 1878 2472 2089 2529; x_wconf 78' lang='lat' dir='ltr'><strong>affuere</strong></span> <span class='ocrx_word' id='word_1_292' title='bbox 2118 2473 2175 2527; x_wconf 87' lang='lat' dir='ltr'><em>R</em></span> <span class='ocrx_word' id='word_1_293' title='bbox 2227 2470 2239 2551; x_wconf 96' lang='grc' dir='ltr'>Ι</span> <span class='ocrx_word' id='word_1_294' title='bbox 2298 2480 2361 2533; x_wconf 89' lang='grc'><strong>12</strong></span> 
     </span>
     <span class='ocr_line' id='line_1_32' title="bbox 323 2554 2359 2627; baseline 0.003 -20"><span class='ocrx_word' id='word_1_295' title='bbox 323 2554 498 2609; x_wconf 75' lang='lat' dir='ltr'><strong>famae</strong></span> <span class='ocrx_word' id='word_1_296' title='bbox 529 2570 815 2626; x_wconf 80' lang='lat' dir='ltr'><strong>numquam</strong></span> <span class='ocrx_word' id='word_1_297' title='bbox 847 2555 1130 2625; x_wconf 83' lang='lat' dir='ltr'><strong>pepercit,</strong></span> <span class='ocrx_word' id='word_1_298' title='bbox 1171 2556 1402 2611; x_wconf 84' lang='lat' dir='ltr'><strong>maritos</strong></span> <span class='ocrx_word' id='word_1_299' title='bbox 1447 2561 1503 2610; x_wconf 81' lang='lat' dir='ltr'><strong>et</strong></span> <span class='ocrx_word' id='word_1_300' title='bbox 1542 2557 1825 2611; x_wconf 80' lang='lat' dir='ltr'><strong>adulteros</strong></span> <span class='ocrx_word' id='word_1_301' title='bbox 1858 2572 1967 2611; x_wconf 92' lang='lat' dir='ltr'><strong>non</strong></span> <span class='ocrx_word' id='word_1_302' title='bbox 2005 2554 2359 2627; x_wconf 75' lang='lat' dir='ltr'><strong>distinguens</strong></span> 
     </span>
     <span class='ocr_line' id='line_1_33' title="bbox 321 2636 2357 2707; baseline 0.002 -17"><span class='ocrx_word' id='word_1_303' title='bbox 321 2651 504 2707; x_wconf 84' lang='lat' dir='ltr'><strong>neque</strong></span> <span class='ocrx_word' id='word_1_304' title='bbox 544 2636 666 2693; x_wconf 69' lang='lat' dir='ltr'><strong>udi.v</strong></span> <span class='ocrx_word' id='word_1_305' title='bbox 699 2654 749 2693; x_wconf 86' lang='lat' dir='ltr'><strong>s.</strong></span> <span class='ocrx_word' id='word_1_306' title='bbox 795 2643 886 2693; x_wconf 80' lang='lat' dir='ltr'><strong>aut</strong></span> <span class='ocrx_word' id='word_1_307' title='bbox 930 2654 980 2692; x_wconf 81' lang='lat' dir='ltr'><strong>a.</strong></span> <span class='ocrx_word' id='word_1_308' title='bbox 1023 2638 1299 2695; x_wconf 68' lang='lat' dir='ltr'><strong>obnoxia:</strong></span> <span class='ocrx_word' id='word_1_309' title='bbox 1342 2639 1487 2694; x_wconf 85' lang='lat' dir='ltr'><strong>unde</strong></span> <span class='ocrx_word' id='word_1_310' title='bbox 1529 2646 1625 2695; x_wconf 77' lang='lat' dir='ltr'><strong>etc.</strong></span> <span class='ocrx_word' id='word_1_311' title='bbox 1666 2642 1725 2695; x_wconf 81' lang='lat' dir='ltr'><strong>in</strong></span> <span class='ocrx_word' id='word_1_312' title='bbox 1764 2639 1890 2695; x_wconf 82' lang='lat' dir='ltr'><strong>edd.</strong></span> <span class='ocrx_word' id='word_1_313' title='bbox 1928 2641 2234 2695; x_wconf 58' lang='lat' dir='ltr'><strong>novissimas</strong></span> <span class='ocrx_word' id='word_1_314' title='bbox 2279 2642 2357 2697; x_wconf 74' lang='lat' dir='ltr'><strong>di-</strong></span> 
     </span>
     <span class='ocr_line' id='line_1_34' title="bbox 315 2714 2359 2798; baseline 0.003 -24"><span class='ocrx_word' id='word_1_315' title='bbox 315 2722 627 2791; x_wconf 69' lang='lat' dir='ltr'><strong>stinquitur.</strong></span> <span class='ocrx_word' id='word_1_316' title='bbox 665 2714 676 2797; x_wconf 97' lang='grc' dir='ltr'>Ι</span> <span class='ocrx_word' id='word_1_317' title='bbox 713 2729 779 2780; x_wconf 86' lang='grc'><strong>15</strong></span> <span class='ocrx_word' id='word_1_318' title='bbox 801 2722 942 2777; x_wconf 70' lang='lat' dir='ltr'><strong>sitne</strong></span> <span class='ocrx_word' id='word_1_319' title='bbox 969 2723 1026 2777; x_wconf 79' lang='lat' dir='ltr'><strong>in</strong></span> <span class='ocrx_word' id='word_1_320' title='bbox 1053 2720 1200 2777; x_wconf 78' lang='lat' dir='ltr'><strong>Med.</strong></span> <span class='ocrx_word' id='word_1_321' title='bbox 1234 2722 1367 2779; x_wconf 81' lang='lat' dir='ltr'><strong>rufii</strong></span> <span class='ocrx_word' id='word_1_322' title='bbox 1395 2739 1470 2778; x_wconf 83' lang='lat' dir='ltr'><strong>an</strong></span> <span class='ocrx_word' id='word_1_323' title='bbox 1500 2723 1638 2778; x_wconf 79' lang='lat' dir='ltr'><strong>rufri</strong></span> <span class='ocrx_word' id='word_1_324' title='bbox 1681 2722 1747 2798; x_wconf 77' lang='lat' dir='ltr'><strong>(i.</strong></span> <span class='ocrx_word' id='word_1_325' title='bbox 1775 2738 1823 2777; x_wconf 83' lang='lat' dir='ltr'><strong>e.</strong></span> <span class='ocrx_word' id='word_1_326' title='bbox 1853 2717 2065 2794; x_wconf 82' lang='lat' dir='ltr'><strong>Rufrii)</strong></span> <span class='ocrx_word' id='word_1_327' title='bbox 2095 2724 2359 2779; x_wconf 76' lang='lat' dir='ltr'><strong>Bailerus</strong></span> 
     </span>
     <span class='ocr_line' id='line_1_35' title="bbox 303 2796 2357 2885; baseline 0.003 -29"><span class='ocrx_word' id='word_1_328' title='bbox 303 2802 650 2875; x_wconf 23' lang='lat' dir='ltr'><strong>‘distinguere</strong></span> <span class='ocrx_word' id='word_1_329' title='bbox 676 2820 786 2859; x_wconf 81' lang='lat' dir='ltr'><strong>non</strong></span> <span class='ocrx_word' id='word_1_330' title='bbox 799 2807 1014 2875; x_wconf 58' lang='lat' dir='ltr'><strong>potum</strong></span> <span class='ocrx_word' id='word_1_331' title='bbox 1043 2804 1177 2861; x_wconf 84' lang='lat' dir='ltr'><strong>Rufii</strong></span> <span class='ocrx_word' id='word_1_332' title='bbox 1207 2806 1329 2861; x_wconf 83' lang='lat' dir='ltr'><strong>edd.</strong></span> <span class='ocrx_word' id='word_1_333' title='bbox 1360 2814 1419 2861; x_wconf 76' lang='lat' dir='ltr'><strong>at</strong></span> <span class='ocrx_word' id='word_1_334' title='bbox 1444 2825 1495 2863; x_wconf 87' lang='lat' dir='ltr'><strong>v.</strong></span> <span class='ocrx_word' id='word_1_335' title='bbox 1524 2808 1601 2862; x_wconf 84' lang='lat' dir='ltr'><strong>ad</strong></span> <span class='ocrx_word' id='word_1_336' title='bbox 1629 2813 1726 2877; x_wconf 90' lang='grc'><strong>12,</strong></span> <span class='ocrx_word' id='word_1_337' title='bbox 1759 2812 1828 2864; x_wconf 89' lang='grc'>42</span> <span class='ocrx_word' id='word_1_338' title='bbox 1864 2796 1875 2885; x_wconf 99' lang='grc' dir='ltr'>Ι</span> <span class='ocrx_word' id='word_1_339' title='bbox 1916 2812 1982 2865; x_wconf 87' lang='grc'><strong>16</strong></span> <span class='ocrx_word' id='word_1_340' title='bbox 2012 2805 2261 2879; x_wconf 84' lang='lat' dir='ltr'><strong>Crispini</strong></span> <span class='ocrx_word' id='word_1_341' title='bbox 2282 2808 2357 2863; x_wconf 81' lang='lat' dir='ltr'><strong>L.-</strong></span> 
     </span>
     <span class='ocr_line' id='line_1_36' title="bbox 319 2900 1794 2958; baseline -0.002 -17"><span class='ocrx_word' id='word_1_342' title='bbox 319 2900 497 2958; x_wconf 79' lang='lat' dir='ltr'><strong>erisp1</strong></span> <span class='ocrx_word' id='word_1_343' title='bbox 612 2914 626 2921; x_wconf 83' lang='lat'><em>·</em></span> <span class='ocrx_word' id='word_1_344' title='bbox 1790 2928 1794 2938; x_wconf 91' lang='lat'><em>.</em></span> 
     </span>
    </p>

    <p class='ocr_par' dir='ltr' id='par_1_23' title="bbox 203 2965 2357 3131">
     <span class='ocr_line' id='line_1_37' title="bbox 203 2965 2357 3052; baseline 0.006 -33"><span class='ocrx_word' id='word_1_345' title='bbox 203 3016 210 3019; x_wconf 87' lang='lat'>.</span> <span class='ocrx_word' id='word_1_346' title='bbox 485 2968 604 3038; x_wconf 83' lang='lat'><strong>46,</strong></span> <span class='ocrx_word' id='word_1_347' title='bbox 661 2977 697 3030; x_wconf 91' lang='grc'>3</span> <span class='ocrx_word' id='word_1_348' title='bbox 744 2970 1055 3041; x_wconf 85' lang='lat' dir='ltr'><strong>potirentur</strong></span> <span class='ocrx_word' id='word_1_349' title='bbox 1113 2965 1123 3048; x_wconf 98' lang='grc' dir='ltr'>Ι</span> <span class='ocrx_word' id='word_1_350' title='bbox 1175 2991 1239 3029; x_wconf 81' lang='lat' dir='ltr'><strong>ea</strong></span> <span class='ocrx_word' id='word_1_351' title='bbox 1282 2966 1545 3052; x_wconf 71' lang='lat' dir='ltr'><strong>diceret}</strong></span> <span class='ocrx_word' id='word_1_352' title='bbox 1594 2984 1626 3033; x_wconf 87' lang='lat'>5</span> <span class='ocrx_word' id='word_1_353' title='bbox 1666 2992 1729 3029; x_wconf 88' lang='lat' dir='ltr'><strong>se</strong></span> <span class='ocrx_word' id='word_1_354' title='bbox 1763 2973 1983 3045; x_wconf 86' lang='lat' dir='ltr'><strong>quidem</strong></span> <span class='ocrx_word' id='word_1_355' title='bbox 2035 2973 2132 3029; x_wconf 71' lang='lat' dir='ltr'><strong>W:</strong></span> <span class='ocrx_word' id='word_1_356' title='bbox 2180 2990 2357 3046; x_wconf 82' lang='lat' dir='ltr'><strong>seque</strong></span> 
     </span>
     <span class='ocr_line' id='line_1_38' title="bbox 321 3046 2353 3131; baseline 0.002 -22"><span class='ocrx_word' id='word_1_357' title='bbox 321 3050 416 3128; x_wconf 84' lang='lat' dir='ltr'><strong>(se</strong></span> <span class='ocrx_word' id='word_1_358' title='bbox 449 3054 540 3118; x_wconf 77' lang='lat' dir='ltr'><strong>aL,</strong></span> <span class='ocrx_word' id='word_1_359' title='bbox 573 3069 700 3111; x_wconf 83' lang='lat' dir='ltr'><strong>sese</strong></span> <span class='ocrx_word' id='word_1_360' title='bbox 733 3049 819 3126; x_wconf 87' lang='lat' dir='ltr'><strong>N)</strong></span> <span class='ocrx_word' id='word_1_361' title='bbox 867 3046 878 3131; x_wconf 97' lang='grc' dir='ltr'>Ι</span> <span class='ocrx_word' id='word_1_362' title='bbox 926 3055 1036 3110; x_wconf 83' lang='lat' dir='ltr'><strong>sibi</strong></span> <span class='ocrx_word' id='word_1_363' title='bbox 1067 3056 1145 3111; x_wconf 84' lang='lat' dir='ltr'><strong>L.-</strong></span> <span class='ocrx_word' id='word_1_364' title='bbox 1175 3056 1284 3113; x_wconf 78' lang='lat' dir='ltr'><strong>&#39;ubi</strong></span> <span class='ocrx_word' id='word_1_365' title='bbox 1328 3055 1451 3131; x_wconf 89' lang='lat' dir='ltr'><strong>(uni</strong></span> <span class='ocrx_word' id='word_1_366' title='bbox 1479 3059 1559 3127; x_wconf 81' lang='grc' dir='ltr'>Α,</span> <span class='ocrx_word' id='word_1_367' title='bbox 1600 3058 1680 3114; x_wconf 82' lang='lat' dir='ltr'><strong>ihi</strong></span> <span class='ocrx_word' id='word_1_368' title='bbox 1712 3054 1821 3131; x_wconf 84' lang='lat' dir='ltr'><em>al.)</em></span> <span class='ocrx_word' id='word_1_369' title='bbox 1850 3055 1881 3129; x_wconf 88' lang='grc' dir='ltr'><strong>“Ι</strong></span> <span class='ocrx_word' id='word_1_370' title='bbox 1931 3057 2196 3114; x_wconf 78' lang='lat' dir='ltr'><strong>dictitans</strong></span> <span class='ocrx_word' id='word_1_371' title='bbox 2224 3060 2353 3114; x_wconf 79' lang='lat' dir='ltr'><strong>Aci-</strong></span> 
     </span>
    </p>

    <p class='ocr_par' dir='ltr' id='par_1_24' title="bbox 319 3133 2355 3217">
     <span class='ocr_line' id='line_1_39' title="bbox 319 3133 2355 3217; baseline 0.003 -26"><span class='ocrx_word' id='word_1_372' title='bbox 319 3138 464 3193; x_wconf 83' lang='lat' dir='ltr'><strong>dalio</strong></span> <span class='ocrx_word' id='word_1_373' title='bbox 491 3140 672 3210; x_wconf 64' lang='lat' dir='ltr'><strong>ylo-ssa</strong></span> <span class='ocrx_word' id='word_1_374' title='bbox 698 3137 981 3193; x_wconf 82' lang='lat' dir='ltr'><strong>videbatur</strong></span> <span class='ocrx_word' id='word_1_375' title='bbox 1017 3136 1026 3211; x_wconf 92' lang='grc' dir='ltr'>Ι</span> <span class='ocrx_word' id='word_1_376' title='bbox 1064 3146 1096 3201; x_wconf 89' lang='grc'>9</span> <span class='ocrx_word' id='word_1_377' title='bbox 1132 3157 1193 3195; x_wconf 87' lang='lat' dir='ltr'><strong>se</strong></span> <span class='ocrx_word' id='word_1_378' title='bbox 1227 3147 1311 3196; x_wconf 86' lang='lat' dir='ltr'><strong>et:</strong></span> <span class='ocrx_word' id='word_1_379' title='bbox 1348 3148 1437 3198; x_wconf 86' lang='lat' dir='ltr'><strong>set</strong></span> <span class='ocrx_word' id='word_1_380' title='bbox 1474 3138 1484 3217; x_wconf 96' lang='grc' dir='ltr'>Ι</span> <span class='ocrx_word' id='word_1_381' title='bbox 1523 3148 1588 3200; x_wconf 89' lang='grc'><strong>12</strong></span> <span class='ocrx_word' id='word_1_382' title='bbox 1622 3143 1875 3199; x_wconf 85' lang='lat' dir='ltr'><strong>omittere</strong></span> <span class='ocrx_word' id='word_1_383' title='bbox 1903 3142 1977 3195; x_wconf 83' lang='lat' dir='ltr'><strong>al.</strong></span> <span class='ocrx_word' id='word_1_384' title='bbox 2020 3133 2030 3216; x_wconf 99' lang='grc' dir='ltr'>Ι</span> <span class='ocrx_word' id='word_1_385' title='bbox 2068 3149 2133 3200; x_wconf 88' lang='grc'><strong>15</strong></span> <span class='ocrx_word' id='word_1_386' title='bbox 2171 3138 2355 3214; x_wconf 66' lang='lat' dir='ltr'><strong>pelice</strong></span> 
     </span>
    </p>

    <p class='ocr_par' dir='ltr' id='par_1_25' title="bbox 319 3217 2353 3301">
     <span class='ocr_line' id='line_1_40' title="bbox 319 3217 2353 3301; baseline 0.001 -25"><span class='ocrx_word' id='word_1_387' title='bbox 319 3217 522 3277; x_wconf 56' lang='lat' dir='ltr'><strong>anciila}</strong></span> <span class='ocrx_word' id='word_1_388' title='bbox 547 3224 602 3275; x_wconf 86' lang='lat' dir='ltr'><strong>et</strong></span> <span class='ocrx_word' id='word_1_389' title='bbox 633 3218 994 3279; x_wconf 59' lang='lat' dir='ltr'><strong>adsuetudine</strong></span> <span class='ocrx_word' id='word_1_390' title='bbox 1023 3220 1154 3296; x_wconf 89' lang='lat' dir='ltr'><strong>(per</strong></span> <span class='ocrx_word' id='word_1_391' title='bbox 1178 3242 1232 3297; x_wconf 84' lang='lat' dir='ltr'><strong>p.</strong></span> <span class='ocrx_word' id='word_1_392' title='bbox 1267 3242 1317 3281; x_wconf 79' lang='lat' dir='ltr'><strong>a.</strong></span> <span class='ocrx_word' id='word_1_393' title='bbox 1354 3231 1410 3279; x_wconf 89' lang='lat' dir='ltr'><strong>et</strong></span> <span class='ocrx_word' id='word_1_394' title='bbox 1437 3226 1852 3282; x_wconf 84' lang='lat' dir='ltr'><strong>adsuetudinem</strong></span> <span class='ocrx_word' id='word_1_395' title='bbox 1882 3218 1985 3297; x_wconf 83' lang='lat' dir='ltr'><strong>W)</strong></span> <span class='ocrx_word' id='word_1_396' title='bbox 2024 3218 2034 3301; x_wconf 94' lang='grc' dir='ltr'>Ι</span> <span class='ocrx_word' id='word_1_397' title='bbox 2073 3230 2143 3285; x_wconf 86' lang='grc'><strong>18</strong></span> <span class='ocrx_word' id='word_1_398' title='bbox 2170 3242 2353 3281; x_wconf 75' lang='lat' dir='ltr'><strong>aemu-</strong></span> 
     </span>
    </p>

    <p class='ocr_par' dir='ltr' id='par_1_26' title="bbox 319 3297 1911 3380">
     <span class='ocr_line' id='line_1_41' title="bbox 319 3297 1911 3380; baseline 0.007 -22"><span class='ocrx_word' id='word_1_399' title='bbox 319 3303 406 3358; x_wconf 88' lang='lat' dir='ltr'><strong>lus</strong></span> <span class='ocrx_word' id='word_1_400' title='bbox 437 3305 660 3361; x_wconf 77' lang='lat' dir='ltr'><strong>Grotius</strong></span> <span class='ocrx_word' id='word_1_401' title='bbox 687 3297 705 3380; x_wconf 85' lang='grc' dir='ltr'><strong>·Ι</strong></span> <span class='ocrx_word' id='word_1_402' title='bbox 744 3313 976 3377; x_wconf 78' lang='lat' dir='ltr'><strong>angeret</strong></span> <span class='ocrx_word' id='word_1_403' title='bbox 1008 3306 1072 3361; x_wconf 85' lang='grc' dir='ltr'><em>Η</em></span> <span class='ocrx_word' id='word_1_404' title='bbox 1081 3348 1095 3375; x_wconf 92' lang='grc'>,</span> <span class='ocrx_word' id='word_1_405' title='bbox 1125 3314 1184 3361; x_wconf 77' lang='lat' dir='ltr'><strong>at</strong></span> <span class='ocrx_word' id='word_1_406' title='bbox 1207 3326 1261 3363; x_wconf 86' lang='lat' dir='ltr'><strong>v.</strong></span> <span class='ocrx_word' id='word_1_407' title='bbox 1290 3308 1349 3362; x_wconf 89' lang='lat' dir='ltr'><em>N</em></span> <span class='ocrx_word' id='word_1_408' title='bbox 1370 3309 1447 3361; x_wconf 76' lang='lat' dir='ltr'><strong>ad</strong></span> <span class='ocrx_word' id='word_1_409' title='bbox 1478 3315 1543 3367; x_wconf 83' lang='lat'><strong>13</strong></span> <span class='ocrx_word' id='word_1_410' title='bbox 1562 3346 1581 3377; x_wconf 92' lang='lat'>‚</span> <span class='ocrx_word' id='word_1_411' title='bbox 1610 3316 1677 3367; x_wconf 80' lang='lat'><strong>14</strong></span> <span class='ocrx_word' id='word_1_412' title='bbox 1902 3327 1911 3335; x_wconf 87' lang='grc'>·</span> 
     </span>
    </p>

    <p class='ocr_par' dir='ltr' id='par_1_27' title="bbox 324 3384 2353 3470">
     <span class='ocr_line' id='line_1_42' title="bbox 324 3384 2353 3470; baseline 0.002 -26"><span class='ocrx_word' id='word_1_413' title='bbox 324 3422 338 3431; x_wconf 82' lang='lat'><strong>·</strong></span> <span class='ocrx_word' id='word_1_414' title='bbox 451 3386 600 3457; x_wconf 72' lang='lat'><strong>,47,</strong></span> <span class='ocrx_word' id='word_1_415' title='bbox 642 3396 676 3446; x_wconf 87' lang='grc'>5</span> <span class='ocrx_word' id='word_1_416' title='bbox 709 3390 956 3460; x_wconf 81' lang='lat' dir='ltr'><strong>abusque</strong></span> <span class='ocrx_word' id='word_1_417' title='bbox 985 3390 1060 3444; x_wconf 86' lang='lat' dir='ltr'><strong>L.-</strong></span> <span class='ocrx_word' id='word_1_418' title='bbox 1107 3406 1393 3461; x_wconf 75' lang='lat' dir='ltr'><strong>nucusque</strong></span> <span class='ocrx_word' id='word_1_419' title='bbox 1433 3384 1443 3468; x_wconf 95' lang='grc' dir='ltr'>Ι</span> <span class='ocrx_word' id='word_1_420' title='bbox 1480 3396 1510 3450; x_wconf 87' lang='grc'><strong>7</strong></span> <span class='ocrx_word' id='word_1_421' title='bbox 1546 3395 1915 3465; x_wconf 72' lang='lat' dir='ltr'><strong>ueniebatque</strong></span> <span class='ocrx_word' id='word_1_422' title='bbox 1953 3384 1964 3470; x_wconf 97' lang='grc' dir='ltr'>Ι</span> <span class='ocrx_word' id='word_1_423' title='bbox 2011 3399 2045 3453; x_wconf 87' lang='grc'><strong>9</strong></span> <span class='ocrx_word' id='word_1_424' title='bbox 2078 3391 2195 3447; x_wconf 80' lang='lat' dir='ltr'><strong>fato</strong></span> <span class='ocrx_word' id='word_1_425' title='bbox 2224 3393 2353 3465; x_wconf 83' lang='lat' dir='ltr'><strong>‘qui-</strong></span> 
     </span>
    </p>

    <p class='ocr_par' dir='ltr' id='par_1_28' title="bbox 317 3462 1597 3551">
     <span class='ocr_line' id='line_1_43' title="bbox 317 3462 1597 3551; baseline 0.002 -24"><span class='ocrx_word' id='word_1_426' title='bbox 317 3470 439 3527; x_wconf 81' lang='lat' dir='ltr'><strong>euit</strong></span> <span class='ocrx_word' id='word_1_427' title='bbox 467 3477 585 3528; x_wconf 78' lang='lat' dir='ltr'><strong>atas</strong></span> <span class='ocrx_word' id='word_1_428' title='bbox 625 3462 636 3548; x_wconf 97' lang='grc' dir='ltr'>Ι</span> <span class='ocrx_word' id='word_1_429' title='bbox 672 3477 736 3529; x_wconf 90' lang='grc'><strong>12</strong></span> <span class='ocrx_word' id='word_1_430' title='bbox 770 3472 1067 3528; x_wconf 83' lang='lat' dir='ltr'><strong>iuvenilem</strong></span> <span class='ocrx_word' id='word_1_431' title='bbox 1098 3475 1171 3528; x_wconf 82' lang='lat' dir='ltr'><strong>al.</strong></span> <span class='ocrx_word' id='word_1_432' title='bbox 1210 3465 1224 3551; x_wconf 98' lang='grc' dir='ltr'>Ι</span> <span class='ocrx_word' id='word_1_433' title='bbox 1262 3482 1327 3531; x_wconf 85' lang='grc'><strong>15</strong></span> <span class='ocrx_word' id='word_1_434' title='bbox 1361 3474 1597 3545; x_wconf 84' lang='lat' dir='ltr'><strong>proinde</strong></span> 
     </span>
    </p>
   </div>
   <div class='ocr_carea' id='block_1_18' title="bbox 2462 1925 2475 2291">
    <p class='ocr_par' dir='ltr' id='par_1_29' title="bbox 2462 1877 2475 2291">
     <span class='ocr_line' id='line_1_44' title="bbox 2462 1925 2475 2291; baseline 0 0"><span class='ocrx_word' id='word_1_435' title='bbox 2462 1925 2475 2291; x_wconf 63' lang='grc' dir='ltr'>Ι</span> 
     </span>
    </p>
   </div>
  </div>
 </body>
</html>
