2475 4000
574 224 612 290 j
658 220 870 271 mmm
903 226 994 273 1v.
1040 226 1188 274 cAP.
1223 222 1465 293 13-183
1518 288 1522 298 Ι
1590 233 1596 240 ‘
1790 256 1803 264 -
1947 212 2060 301 121

80 374 483 456 Maluginensis
515 378 770 439 defuncti
799 378 1076 456 legende,
1117 380 1281 439 simul
1310 380 1572 458 roganda
1606 398 1755 440 nova
1784 380 1921 458 lege
1953 380 2065 440 dis-

81 464 266 521 seruit·
289 462 522 524 Caesar.
583 480 710 523 nam
741 464 1018 543 patricios
1050 464 1427 524 confarreatis
1458 462 1789 561 parentibus
1834 468 2067 541 genitos

79 555 190 604 tres
217 548 381 606 simul
411 548 725 623 nominari,
761 566 836 606 ex
869 549 994 626 quis
1033 566 1177 607 unus
1225 548 1551 625 legeretur,
1601 557 1827 607 vetusto
1872 567 2061 618 more3

78 646 257 707 neque
289 630 518 707 adesse,
557 641 616 690 ut
643 631 822 707 olim,
848 638 973 691 eam
1007 633 1263 711 copiam,
1294 630 1505 691 omissa
1535 631 1933 703 confarreandi
1970 632 2060 691 ad·
2090 648 2117 687 ⁵

79 713 367 774 suetudine
399 724 493 775 aut
523 715 672 775 inter
704 733 926 793 paucos
962 724 1203 775 retenta.
1278 715 1597 793 pluresque
1639 717 1761 775 eius
1807 718 1893 774 rei
1937 734 2071 787 cau<

78 814 163 855 sas
202 796 560 875 adferebat,·
597 801 949 878 potissimam
992 810 1174 878 penes
1218 801 1492 859 incuriam
1536 800 1790 859 virorum
1834 799 2067 857 femina-

77 898 331 959 rumque:
379 882 673 942 accedere
722 892 780 942 et
821 886 1003 963 ipsius
1049 884 1433 947 caerimoniae
1480 882 1882 958 difficultates,
1924 900 2069 961 quae

78 966 340 1025 consulto·
370 968 714 1043 vitarentur,
748 975 805 1026 et
842 966 995 1046 quod
1025 970 1210 1027 exiret
1243 986 1275 1026 e
1305 968 1427 1026 iure
1460 970 1646 1046 patrio
1684 968 1777 1044 qui
1810 965 1866 1025 id
1897 966 2068 1027 flami-

75 1048 212 1107 nium
245 1052 613 1128 apisceretur
642 1046 904 1129 quaeque
933 1054 989 1110 in
1033 1068 1258 1111 manum
1291 1050 1530 1110 flaminis
1563 1050 1919 1110 conveniret.
1994 1051 2139 1114 itam

73 1132 407 1193 medendum
437 1143 668 1194 senatus
700 1134 939 1194 decreto
973 1130 1066 1194 au't
1096 1134 1254 1210 lege,
1291 1136 1437 1193 sicut
1470 1134 1765 1211 Augustus
1791 1134 2069 1212 quaedam

75 1234 141 1274 ex
169 1216 410 1277 horrida
441 1218 539 1277 illa
567 1220 898 1296 antiquitate
931 1218 1001 1277 ad
1037 1227 1407 1296 praesentem
1437 1237 1598 1275 usum
1629 1218 1908 1276 flexisset.
1962 1219 2067 1291 igi-

75 1306 157 1359 tur
199 1303 466 1361 tractatis
516 1301 898 1378 religionibus
952 1300 1249 1379 placitum⁴
1284 1302 1539 1360 instituto
1598 1299 1879 1359 flaminum
1930 1299 2068 1357 nihil
2173 1304 2178 1311 ’

74 1382 369 1445 demutari:
407 1384 510 1444 sed
538 1380 652 1444 lat‘a
683 1384 814 1461 lex,
859 1403 968 1463 qua
1010 1384 1291 1443 flaminica
1330 1383 1512 1441 Dialis
1554 1400 1847 1441 sacrorum
1892 1400 2066 1439 causa

73 1466 122 1524 in
161 1477 458 1547 potestate
505 1470 660 1544 viri,
723 1478 918 1527 cetera
958 1469 1249 1546 promisco
1290 1467 1623 1524 feminarum
1671 1467 1792 1523 iure
1843 1472 2063 1540 ageret.
2086 1480 2139 1518 15

71 1560 124 1608 et
155 1551 302 1611 lilius
331 1551 752 1629 Maluginensis
785 1553 929 1628 patri
955 1550 1248 1607 suffectus.
1300 1557 1475 1624 utque
1498 1549 1781 1625 glisceret
1806 1547 2065 1627 dignatio

71 1635 436 1695 sacerdotum
468 1645 637 1714 atque
668 1636 810 1712 ipsis
847 1635 1170 1711 promptior
1201 1632 1418 1689 animus
1444 1630 1597 1689 foret
1639 1629 1710 1689 ad
1755 1648 2065 1708 capessen-

69 1715 167 1777 das
198 1721 601 1794 caerimonias,
634 1718 927 1775 decretum
958 1712 1264 1774 Corneliae
1300 1715 1543 1791 virgini,
1592 1732 1737 1792 quae
1782 1715 1840 1771 in
1873 1713 2067 1773 locum

70 1802 336 1862 Scantiae
370 1801 725 1882 capiebatur,
751 1799 1076 1857 sestertium
1108 1798 1359 1873 viciens,
1402 1806 1461 1855 et
1510 1798 1774 1873 quotiens
1802 1796 2065 1874 Augusta

67 1883 347 1944 theatrum
375 1887 693 1957 introisset,
725 1891 784 1941 ut
813 1880 987 1939 sedes
1017 1882 1165 1939 inter
1191 1878 1513 1939 Vestalium
1546 1878 1895 1955 consideret.
2083 1896 2135 1936 20

198 1970 297 2028 17.
344 1966 617 2028 Cornelio
653 1964 918 2042 Cethego
941 1963 1189 2025 Visellio
1225 1964 1502 2022 Varrone
1548 1960 1880 2021 consulibus
1920 1961 2066 2041 pon-'

61 2051 250 2108 tilices
285 2067 602 2126 eorumque
633 2049 904 2126 exemplo
943 2049 1122 2106 ceteri
1150 2045 1524 2122 sacerdotes„
1580 2064 1705 2106 cum
1757 2063 1865 2125 pro
1906 2049 2064 2105 inco-

59 2131 321 2190 lumitate
354 2133 635 2208 principis
666 2141 801 2191 vota
831 2134 1217 2208 susciperent,
1251 2128 1545 2190 Neronem
1576 2149 1804 2210 quoque
1832 2139 1889 2191 et
1916 2129 2062 2189 Dru-

57 2231 186 2274 sum
229 2211 549 2272 isdem-dis
603 2213 1116 2291 commendavere,
1177 2231 1293 2273 non
1341 2224 1454 2274 tam
1512 2218 1749 2275 caritate
1800 2218 2065 2276 iuvenum

60 2313 233 2376 quam
273 2294 622 2373 adulatione,
654 2315 802 2375 quae
832 2293 1087 2358 moribus
1121 2300 1409 2378 corruptis
1440 2299 1680 2379 perinde
1713 2317 1966 2380 anceps,
2013 2301 2061 2359 si
2086 2311 2111 2350 ⁵

59 2381 220 2440 nulla
269 2389 328 2439 et
381 2378 476 2438 ubi
521 2380 690 2440 nimia
737 2389 845 2440 est.
917 2400 1046 2442 nam
1090 2381 1359 2442 Tiberius
1396 2382 1545 2444 haud
1576 2400 1837 2460 umquam
1876 2385 2071 2444 domui·

63 2465 393 2526 Germanici
426 2464 596 2540 mitis,
628 2473 742 2523 tum
765 2482 909 2525 vero
936 2469 1169 2545 aequari
1191 2467 1599 2527 adulescentes
1629 2477 1901 2527 senectae
1928 2484 2065 2526 suae

61 2550 416 2628 inpatienter
462 2546 735 2617 indoluit:
793 2553 1129 2629 accitosque
1174 2553 1484 2631 pontifices
1530 2561 1904 2629 percontatus
1958 2560 2065 2626 est,

63 2651 193 2693 num
242 2631 302 2693 id
344 2632 621 2710 precibus
663 2631 1028 2712 Agrippinae
1079 2645 1174 2695 aut
1225 2637 1393 2696 minis
1441 2634 1793 2695 tribuissent.
1877 2644 1934 2695 et
1982 2633 2067 2693 illi

67 2717 331 2794 quidem,
387 2734 726 2796 quamquam
781 2717 1135 2796 abnuerent,
1195 2719 1425 2780 modice
1475 2721 1796 2799 perstricti;
1854 2719 2064 2779 etenim
2088 2733 2138 2774 ιο

66 2817 200 2877 pars
229 2817 441 2878 magna
473 2818 507 2860 e
542 2801 886 2880 propinquis
914 2803 1098 2880 ipsius
1133 2811 1227 2863 aut
1262 2805 1545 2882 primores
1584 2797 1849 2864 civitatis'
1871 2811 2062 2861 erant:

66 2895 324 2945 ceterum
352 2887 412 2944 in
447 2893 648 2945 senatu
681 2887 944 2944 oratione
976 2888 1192 2946 monuit
1220 2888 1279 2945 in
1312 2895 1642 2966 posterum,
1678 2906 1751 2947 ne
1782 2888 1909 2965 quis
1949 2901 2066 2944 mo-

65 2965 213 3028 biles
240 2968 702 3030 adulescentium
735 2970 955 3029 animos
985 2973 1364 3048 praematuris
1392 2971 1709 3031 honoribus
1750 2971 1822 3032 ad
1868 2989 2067 3047 super-

64 3049 209 3112 biam
249 3052 584 3113 extolleret.
648 3051 898 3113 instabat
929 3055 1146 3132 quippe
1180 3055 1423 3114 Seianus
1464 3054 1878 3134 incusabatque
1912 3053 2067 3112 didu-

67 3143 212 3195 ctam
245 3138 536 3196 civitatem
567 3143 628 3194 ut
659 3137 816 3197 civili
845 3136 1034 3207 bello;
1067 3155 1200 3197 esse
1227 3140 1411 3216 quise
1436 3142 1680 3215 partium
1703 3139 2081 3216 Agrippinae‘
2090 3163 2136 3202 15
2208 3137 2227 3152 ‘

65 3229 311 3297 vocent,
347 3237 416 3280 ac
445 3222 502 3278 ni
531 3221 867 3299 resistatur,
911 3222 1041 3281 fore
1079 3223 1291 3302 pluris;
1337 3240 1527 3303 neque
1575 3220 1726 3282 aliud
1765 3223 2067 3300 gliscentis

65 3301 392 3364 discordiae
421 3302 735 3363 remedium
773 3323 938 3383 quam
971 3305 1020 3365 si
1057 3324 1201 3365 unus
1250 3305 1473 3365 alterve
1518 3306 1763 3366 maxime
1814 3307 2067 3385 prompti

64 3386 559 3447 subverterentur.

191 3472 290 3532 18.
337 3471 465 3547 Qua
507 3489 679 3532 cansa
721 3467 789 3530 C.
821 3472 1017 3532 Silium
1061 3480 1120 3532 et
1161 3471 1368 3564 Titium
1405 3473 1673 3535 Sabinum
1717 3473 2066 3553 adgreditur.
