2475 4000
382 217 412 245 Ο

673 241 884 289 LIBER
913 243 1037 297 ΧΠ.
1073 241 1220 289 οΑΡ.
1250 239 1457 294 7—12.
1722 309 1727 317 ι
1970 229 2087 290 201

112 394 166 451 in
205 392 354 453 hunc
392 393 618 454 modum
660 395 963 474 incipiunt:
1011 413 1126 456 non
1172 414 1239 456 se
1280 396 1535 456 foederis
1580 399 1817 474 ignaros
1856 403 1966 458 n'ec
1998 398 2093 458 de-

110 477 359 537 fectione
404 497 436 538 a
481 478 695 539 familia
724 480 1132 540 Arsacidarum
1167 482 1403 554 venire,
1454 480 1559 540 sed
1606 481 1777 540 fllium
1810 481 2093 559 Venonis,

110 570 379 638 nepotem
431 562 692 624 Phraatis
751 581 1064 624 accersere
1137 563 1415 626 adversus
1480 565 1921 624 dominationem
1982 565 2091 627 Go·
2113 593 2143 632 5

110 647 282 705 tarzis
327 646 612 708 nobilitati
655 647 935 746 plebique
979 649 1136 708 iuxta
1183 647 1618 726 intolerandam.
1707 642 1818 706 iain
1866 647 2093 725 fratres,

39 717 48 735 ¹
108 731 212 788 iam
245 733 640 809 propinquos,
677 733 786 792 iam
818 732 1050 810 longius
1079 733 1221 792 sitos
1254 710 1526 792 caedibus
1564 730 1905 801 exhaustos3
1950 733 2096 793 adici

105 815 388 891 coniuges
419 815 722 915 gravidas,
756 815 976 876 liberos
1006 833 1255 895 parvos,
1298 815 1429 884 dum
1465 833 1672 876 socors
1706 815 1894 892 domi,
1927 813 2097 876 bellis

105 898 384 957 infaustus
424 901 712 976 ignaviam
751 901 989 961 saevitia
1035 909 1224 978 tegat.
1303 909 1561 962 veterem
1604 899 1712 959 sibi
1756 918 1824 960 ac
1867 899 2099 998 publice

101 992 370 1067 coeptam
403 983 706 1044 nobiscum
738 985 1066 1061 amicitiam,
1115 993 1174 1044 et
1204 983 1652 1044 subveniendum
1684 982 1860 1044 sociis
1897 985 2099 1042 virium
2118 999 2174 1046 ἰο

81 1063 338 1127 ‘aemulis
373 1067 830 1148 cedentibusque
867 1085 976 1147 per
1007 1071 1409 1128 reverentiam.
1469 1067 1603 1128 ideo
1634 1085 1836 1151 regum
1867 1065 2099 1127 obsides

99 1148 320 1210 liberos
349 1150 475 1211 dari
509 1159 606 1230 ut,
637 1154 686 1211 si
715 1151 1064 1225 domestici
1046 1153 1273 1230 imperii
1300 1150 1561 1229 taedeat,
1594 1155 1666 1211 sit
1692 1169 2000 1229 regressus
2030 1150 2101 1210 ad

97 1237 424 1315 principem
450 1244 790 1314 patresque,
821 1252 1062 1314 quorum
1091 1235 1345 1296 moribus
1371 1197 1743 1297 adsuefactus
1769 1253 1875 1296 rex
1896 1235 2123 1294 melior

97 1317 548 1379 adscisceretur.

226 1405 327 1463 11.
378 1402 493 1462 Ubi
535 1402 681 1462 haec
715 1410 884 1480 atque
916 1402 1052 1464 talia
1086 1403 1504 1480 dissertavere,
1550 1403 1751 1482 incipit
1780 1403 2101 1465 orationem

99 1484 318 1547 Caesar
365 1487 438 1546 de
479 1485 718 1562 fastigio
757 1486 1018 1546 Romano
1047 1449 1504 1565 Parthorumque
1542 1486 1867 1564 obsequiis:
1918 1505 2101 1566 seque

97 1570 232 1630 divo
280 1571 554 1647 Augusto
607 1568 1001 1648 adaequabat,
1051 1574 1289 1650 petitum
1335 1571 1418 1646 ab·
1450 1589 1523 1632 eo
1562 1587 1767 1648 regem
1809 1569 2099 1649 referens,

97 1657 314 1714 omissa
353 1653 572 1714 Tibe-rii
611 1657 913 1732 memoria,
961 1673 1300 1735 quamquam
1330 1656 1380 1714 is
1413 1671 1641 1734 quoque
1678 1657 1929 1716 miserat.
2004 1653 2099 1715 ad-

95 1738 237 1798 didit
269 1747 596 1817 praecepta
622 1739 869 1818 (etenim
905 1738 1102 1800 aderat
1133 1739 1569 1815 Meherdates),
1608 1748 1667 1798 ut
1698 1758 1812 1800 non
1851 1738 2100 1800 domina·
2122 1758 2148 1795 5

92 1823 314 1882 tionem
340 1831 399 1882 et
423 1839 652 1900 servos,
681 1822 788 1882 sed
806 1831 1096 1884 rectorem
1121 1833 1177 1883 et
1202 1825 1363 1882 cives
1387 1823 1691 1898 cogitaret,
1720 1824 2101 1885 clementiam-

93 1924 206 1984 que
239 1923 318 1966 ac
365 1907 666 1984 iustitiam,
705 1916 918 1984 quanto
959 1909 1155 1984 ignota
1185 1904 1486 1980 barbaris,
1528 1912 1684 1963 tanto
1726 1905 1971 1965 laetiora
2010 1925 2101 1966 ca-

90 1999 394 2070 pesseret.
466 1990 599 2051 hinc
641 2010 847 2051 versus
883 1990 956 2051 ad
984 1991 1214 2068 legatos
1259 1987 1485 2050 extollit
1524 1967 1787 2048 laudibus
1822 1988 2103 2049 alumnum

88 2076 298 2174 urbis,
347 2083 650 2153 spectatae
683 2074 755 2134 ad
784 2074 841 2133 id
873 2074 1222 2135 modestiae:
1272 2090 1343 2134 ac
1388 2080 1575 2141 tamen
1616 2072 1857 2133 ferenda
1893 2089 2104 2149 regum

83 2158 370 2235 ingenia,
413 2173 604 2235 neque
635 2159 760 2216 usui
797 2158 1032 2218 crebras
1063 2158 1423 2217 mutationes.
1496 2174 1619 2215 rem
1648 2156 1959 2218 Romanam
1993 2156 2105 2215 huc
2128 2174 2179 2215 ιο

79 2243 374 2303 satietate
396 2240 628 2315 gloriae
654 2250 1008 2318 provectam,
1039 2250 1099 2300 ut
1116 2243 1377 2301 externis
1402 2258 1631 2339 quoque
1654 2241 1925 2317 gentibus
1949 2242 2103 2319 quie-

79 2336 208 2388 tem
245 2320 416 2382 velit.
479 2323 669 2383 datum
698 2325 944 2402 posthac
969 2325 1034 2385 (3.
1063 2324 1298 2402 Cassio,
1330 2327 1425 2405 qui
1456 2325 1657 2413 Suriae
1686 2335 1975 2403 praeerat,
2008 2324 2104 2384 de-

84 2411 320 2471 ducere
352 2408 621 2467 iuvenem
648 2410 832 2486 ripam
859 2410 932 2470 ad
959 2408 1290 2488 Euphratis

225 2491 334 2553 12.
381 2490 470 2551 Ea
511 2500 858 2570 tempestate
897 2492 1134 2555 Cassius
1187 2502 1418 2553 ceteros
1460 2491 1855 2573 praeminebat
1900 2490 2107 2571 peritia

86 2580 332 2656 legum:
379 2592 510 2635 nam
539 2576 817 2637 militares
850 2586 1004 2638 artes
1037 2594 1144 2656 per
1176 2579 1350 2637 otium
1380 2580 1644 2656 ignotae,
1681 2576 2107 2652 industriosque

91 2672 187 2722 aut
217 2664 481 2739 ignavos
513 2678 630 2739 pax
654 2660 711 2719 in
740 2679 927 2740 aequo
956 2670 1134 2721 tenet.
1181 2680 1252 2725 ac
1280 2671 1468 2722 tamen
1495 2672 1762 2741 quantum
1794 2661 1917 2719 sine
1947 2657 2107 2717 bello

87 2746 345 2806 dabatur
364 2788 382 2821 ‚
411 2760 698 2804 revocare
723 2747 976 2824 priscum
1005 2761 1222 2806 morem
1239 2791 1257 2823 ,
1288 2748 1615 2806 exercitare
1645 2746 1943 2825 legiones,
1974 2759 2110 2808 cura

87 2830 349 2909 provisu
379 2826 621 2927 perinde
653 2844 833 2906 agere
863 2845 935 2889 ac
969 2830 1018 2889 si
1050 2830 1236 2891 hostis
1264 2832 1591 2907 ingrueret:
1621 2832 1697 2891 ita
1729 2828 1959 2905 dignum
1990 2844 2160 2886 ma·
2134 2846 2153 2867 ν

87 2914 326 2975 ioribus
365 2914 484 2972 suis
527 2922 586 2973 et
621 2911 833 2974 familia
865 2912 1067 2973 Cassia
1101 2920 1282 2973 ratus
1324 2932 1431 2992 per
1462 2912 1593 2973 illas
1626 2930 1857 2992 quoque
1900 2918 2107 2991 gentes

89 2998 419 3058 celebrata.
463 2997 640 3074 igitur
663 2998 870 3057 excitis
891 3014 1130 3075 quorum
1149 2996 1222 3057 de
1247 2998 1531 3076 sententia
1558 2999 1768 3078 petitus
1790 3014 1920 3071 rex,
1954 2994 2107 3073 posi-

89 3085 292 3161 tisque
346 3082 554 3141 castris
613 3081 763 3160 apud
803 3081 1084 3159 Zeugma,
1137 3081 1288 3141 unde
1329 3082 1573 3141 maxime
1624 3083 1860 3160 pei-“vius
1906 3077 2105 3153 amnis,

89 3177 413 3247 postquam
436 3165 710 3225 inlustres
736 3164 930 3226 Parthi
952 3182 1199 3243 rexque
1191 3164 1453 3226 Arabum
1476 3164 1744 3225 Acbarus
1772 3163 2107 3237 advenerat,

87 3258 297 3310 monet
341 3248 749 3327 Meherdaten,
812 3249 1188 3311 barbarorum
1236 3252 1483 3349 impetus
1527 3266 1697 3309 acres
1744 3246 2180 3326 cunctationem

85 3334 498 3412 languescere
541 3344 638 3395 aut
679 3336 738 3393 in
777 3333 1078 3413 perfidIam
1122 3335 1358 3394 mutari:
1419 3334 1499 3394 ita
1554 3341 1832 3410 urgueret
1877 3336 2107 3407 coepta.

91 3418 256 3496 quod
288 3426 548 3496 spretum
575 3418 779 3478 fraude
803 3418 1038 3495 Acbari,
1069 3420 1165 3496 qui
1187 3420 1452 3479 iuvenem
1475 3420 1735 3495 ignarum
1759 3425 1819 3475 et
1841 3430 2109 3475 summam
2212 3408 2223 3427 “

84 3501 391 3563 fortunam
420 3503 478 3560 in
508 3501 644 3561 luxu
671 3511 855 3562 ratum
885 3503 1096 3563 multos
1120 3520 1230 3581 per
1252 3502 1375 3562 dies
1405 3502 1627 3563 attinuit
1654 3500 1807 3582 apud
1838 3497 2109 3579 oppidum
