2475 4000
759 217 967 264 Lmen
989 219 1036 264 1.
1069 217 1218 265 cAP.
1250 215 1418 269 3--7
2048 203 2085 262 5

93 372 265 454 quod
295 369 600 431 Maximum
628 370 796 429 uxori
833 367 1082 429 Marciae
1121 370 1451 447 aperuisse,
1493 373 1644 432 illam
1684 373 1897 432 Liviae.
1948 381 2085 448 gna-

94 475 233 517 rum
271 455 330 514 id
364 452 630 522 Caesam
670 461 860 530 neque
905 453 1080 512 multo
1112 459 1249 530 post
1276 454 1527 512 extincto
1553 455 1827 533 Maximo,
1861 454 2087 515 dubium

101 559 179 601 an
225 527 484 616 quaesita
519 545 738 612 morte,
789 536 1015 596 auditos
1053 536 1109 614 in
1148 535 1357 594 funere
1402 537 1521 594 eius
1558 536 1802 598 Marciae
1842 540 2087 615 gemitus

106 630 300 682 semet
327 622 658 696 incusantis,
695 619 846 697 quod
881 637 1053 678 causa
1086 619 1248 678 exitii
1272 618 1477 677 marito
1506 619 1725 679 fuisset.
1788 629 2085 699 utcumque
2108 641 2158 684 ιο

109 725 176 766 se
215 724 285 765 ea
316 724 414 764 res
443 704 669 778 habuit,
713 702 943 763 vixdum
983 703 1283 779 ingressus
1324 699 1617 780 Illyricum
1655 702 1912 762 Tiberius
1956 722 2087 803 pro-

104 791 269 868 peris
301 789 497 848 matris
532 788 714 847 literis
743 787 988 854 accitum
1033 803 1223 864 neque
1255 787 1396 844 satis
1433 795 1772 864 conpertum
1819 793 1936 858 est,
1979 789 2091 864 spi-

101 881 327 932 rantem
373 871 559 932 adhue
602 870 920 947 Augustum
960 869 1109 947 apud
1155 867 1359 928 urbem
1401 867 1609 928 Nolam
1665 887 1737 929 an
1782 868 2095 926 exanimem

99 955 504 1036 reppererit·
499 953 770 1013 acribus'
781 970 1022 1031 namque
1055 953 1331 1011 custodiis
1363 951 1587 1012 domum
1620 961 1683 1012 et
1705 952 1831 1010 vias
1862 967 2115 1026 saepse-

99 1049 188 1100 rat
218 1039 419 1114 Livia,
450 1038 702 1115 laetique
731 1037 1008 1110 interdum
1050 1037 1226 1095 nuntii
1268 1035 1681 1112 vulgabantur,
1726 1035 1915 1095 donec
1940 1049 2167 1110 pro-15

98 1124 244 1182 visis
275 1140 433 1200 quae
461 1131 684 1198 tempus
719 1119 989 1179 monebat
1017 1118 1185 1178 simul
1213 1120 1547 1179 excessisse
1576 1118 1896 1196 Augustum
1928 1125 1985 1175 et
2008 1134 2097 1174 re-

99 1225 223 1265 rum
257 1206 438 1284 potiri
467 1203 758 1263 Neronem
789 1203 937 1263 fama
969 1203 1168 1262 eadem
1200 1185 1346 1261 tulit.

231 1290 292 1350 6.
333 1288 580 1348 Primum
610 1287 830 1346 facinus
853 1287 988 1345 novi
1016 1286 1367 1363 principatus
1398 1283 1501 1343 fuit
1524 1283 1775 1345 Postumi
1797 1284 2099 1383 Agrippae

101 1372 366 1444 caedes,
414 1387 582 1446 quem
613 1371 870 1444 ignarum
899 1369 1287 1443 inermumque
1322 1369 1577 1444 quamvis
1624 1369 1871 1428 firmatus
1912 1371 2097 1428 animo

103 1455 380 1511 centurio
413 1469 590 1523 aegre
623 1449 892 1508 confecit.
950 1447 1086 1508 nibil
1118 1450 1189 1507 de
1225 1467 1295 1508 ea
1337 1468 1403 1508 re
1428 1449 1693 1510 Tiberius
1739 1452 1887 1550 apud
1929 1440 2095 1511 sena-

19 1569 28 1582 ·
102 1543 226 1593 tum
265 1533 572 1592 disseruit:
605 1531 784 1608 patris
820 1531 972 1590 iussa
1004 1531 1335 1605 simulabat,
1374 1531 1578 1620 quibus
1622 1537 2099 1614 praescripsisset

102 1615 350 1675 tribuno
383 1613 677 1677 custodiae
708 1614 1004 1692 adposito,
1049 1632 1120 1673 ne
1155 1609 1518 1674 cunctaretur
1554 1615 1870 1695 Agrippam
1914 1627 2098 1677 morte
2122 1641 2149 1679 s

105 1693 400 1771 adficere,
439 1697 778 1775 quaudoque
810 1698 936 1776 ipse
967 1715 1293 1775 supremum
1322 1697 1471 1757 diem
1506 1699 1883 1777 explevisset.
1928 1700 2102 1760 multa

105 1784 234 1841 sine
268 1780 448 1842 dubio
478 1798 764 1858 saevaque
794 1781 1086 1858 Augustus
1117 1781 1190 1841 de
1224 1781 1478 1841 moribus
1531 1782 1917 1844 adulescentis
1962 1802 2108 1863 que·-

105 1875 254 1941 stus,
289 1873 354 1925 ut
386 1865 615 1924 exilium
645 1866 766 1924 eius
797 1875 1028 1926 senatus
1073 1865 1337 1924 consulto
1376 1866 1693 1923 sanciretur
1735 1869 2096 1944 perfecerat:

107 1959 374 2010 ceterum
402 1949 458 2008 in
480 1949 688 2011 nullius
707 1967 970 2028 umquam
995 1965 1227 2008 suorum
1251 1963 1453 2007 necem
1477 1945 1718 2022 duravit,
1738 1966 1927 2027 neque
1952 1967 2098 2008 mor-

105 2041 224 2093 tem
255 2034 457 2111 nepoti
483 2050 588 2110 pro
619 2035 928 2113 securitate
953 2033 1198 2110 privigni
1221 2031 1451 2090 inlatam
1480 2029 1757 2089 credibile
1790 2040 1929 2091 erat.
1969 2049 2101 2109 pro·
2122 2059 2170 2100 10

109 2119 243 2194 pius
273 2131 422 2175 vero
454 2114 742 2176 Tiberium
777 2134 848 2175 ac
869 2116 1105 2192 Liviam,
1137 2115 1295 2174 illum
1319 2122 1492 2188 metu,
1527 2112 1673 2173 banc
1698 2114 2105 2176 novercalibus

110 2200 292 2272 odiis,
327 2200 580 2293 suspecti
610 2208 669 2257 et
691 2200 856 2259 invisi
881 2200 1102 2257 iuvenis
1127 2197 1363 2258 caedem
1394 2196 1779 2258 festinavisse.
1834 2200 2104 2259 nuntianti

18 2334 22 2347 ‚
112 2280 470 2351 centurioni,
505 2290 564 2337 ut
592 2296 716 2339 mos
748 2281 1004 2355 militiae,
1041 2282 1253 2340 factum
1277 2298 1410 2340 esse
1435 2281 1587 2359 quod
1611 2283 1971 2367 imperasset,
2005 2302 2103 2342 ne-

114 2382 232 2443 que
268 2365 591 2439 imperasse
623 2380 756 2422 sese
791 2372 849 2422 et
886 2364 1165 2423 rationem
1196 2364 1334 2423 facti
1365 2364 1714 2426 reddendam
1746 2368 1895 2444 apud
1940 2384 2103 2426 sena-

113 2457 234 2506 tum
267 2444 587 2522 respoudit.
655 2445 806 2523 quod
848 2456 1148 2525 postquam
1189 2447 1494 2517 Sallustius
1528 2446 1766 2526 Crispus
1814 2451 2177 2528 particeps1s

118 2537 483 2590 secretorum
517 2528 595 2605 (is
633 2530 704 2589 ad
731 2529 1008 2590 tribunum
1032 2533 1265 2591 miserat
1295 2531 1630 2610 codicillos)
1656 2534 1953 2610 comperit,
1990 2550 2129 2589 me·
2150 2525 2187 2561 '³
2229 2528 2239 2544 '
2269 2559 2289 2586 s

118 2622 288 2673 tuens
319 2630 390 2671 ne
423 2629 556 2671 reus
583 2613 941 2691 subderetur,
974 2616 1130 2675 iuxta
1160 2616 1493 2694 periculoso
1518 2615 1659 2674 ficta
1685 2633 1787 2673 seu
1814 2631 1952 2673 vera
1976 2632 2107 2693 pro-

117 2706 325 2772 meret,
352 2698 564 2755 monuit
590 2696 802 2756 Liviam
825 2716 897 2756 ne
921 2715 1128 2767 arcana
1158 2700 1381 2773 domus,
1417 2715 1489 2757 ne
1515 2698 1752 2773 consilia
1778 2700 2107 2773 amicorum,

121 2781 435 2840 ministeria
464 2781 699 2840 militum
742 2780 1145 2859 vulgarentur,
1186 2801 1337 2842 neve
1368 2781 1631 2842 Tiberius
1672 2782 1782 2841 vim
1824 2782 2107 2861 principa-

121 2872 210 2921 tus
242 2864 569 2923 resolveret
601 2872 805 2925 cuncta
837 2864 907 2925 ad
936 2875 1194 2926 senatum
1224 2867 1511 2927 vocando:
1550 2884 1674 2926 eam
1717 2867 2179 2926 condicionemso
2228 2866 2365 2935 ml,
2392 2912 2403 2939 ·.

123 2964 257 3089 ⁴(isse
289 2940 628 3026 imperandi,
660 2958 722 3009 ut
754 2964 868 3007 non
896 2947 1065 3009 aliter
1098 2951 1244 3009 ratio
1281 2960 1509 3010 constet
1550 2967 1717 3028 quam
1752 2952 1799 3009 si
1840 2950 1936 3008 uni
1964 2948 2111 3007 ‘red-
2318 2970 2323 2975 ’

161 3040 304 3091 atur.

293 3117 429 3177 .At
458 3116 710 3177 Romae‘
706 3134 879 3177 ruere
908 3117 965 3175 in
995 3118 1289 3177 servitium
1309 3118 1615 3193 consules,
1652 3127 1868 3196 patres,
1906 3132 2109 3194 eques.
2306 3168 2315 3181 ,
2443 3178 2451 3184 ,

131 3208 340 3272 quanto
373 3202 499 3277 quis
529 3200 842 3275 inlustrior,
876 3208 1034 3260 tanto
1067 3202 1249 3277 magis
1278 3201 1409 3261 falsi
1433 3218 1501 3261 ac
1533 3201 1894 3276 festinanteS,
1926 3198 2110 3258 vultu·
2158 3242 2163 3249 .
2159 3142 2277 3264 'sti
2309 3205 2314 3215 '
2337 3205 2410 3247 ft
2454 3232 2459 3243 ·

133 3294 240 3355 que
279 3281 637 3361 composito,
679 3301 752 3343 ne
785 3284 921 3344 laeti
954 3302 1202 3344 excessu
1229 3286 1505 3363 principis
1536 3304 1647 3347 neu
1692 3286 1977 3344 tristiores
2000 3276 2177 3361 p1·i-'¹
2250 3270 2321 3385 '‘fj-
2356 3287 2410 3359 ,23¹

131 3365 381 3442 mordio,
424 3368 688 3428 lacrimas
729 3368 1027 3444 gaudium,
1081 3377 1317 3445 questus
1360 3367 1741 3428 adulationem
1776 3365 2110 3427 miscebant.
2178 3390 2277 3471 fa*-
2308 3386 2435 3462 422⁶

132 3444 266 3506 Sex.
310 3448 614 3528 Pompeius
663 3459 722 3509 et
759 3452 895 3511 Sex.
946 3451 1270 3530 Appuleius
1318 3452 1591 3512 eonsules
1639 3452 1804 3531 primi
1834 3452 1909 3511 in
1936 3449 2203 3513 verbas
2446 3440 2456 3463 ³

1374 3561 1553 3591 nocer-2
1556 3535 1819 3601 ἐμέ
1820 3540 2071 3601 ‘1472'st
