2475 4000
374 178 497 239 240
856 202 863 212 ·
893 183 1224 230 CORNELII
1249 180 1483 230 mom
1504 183 1870 233 Amumtm

373 339 639 422 permixti
679 355 749 397 ac
791 337 1057 398 libertate
1107 339 1312 414 ignota
1352 337 1492 398 illud
1537 340 1718 416 magis
1763 338 1832 399 ad
1871 340 2166 400 servitium
2207 341 2378 402 incli-

371 433 591 484 nantes.
674 481 682 498 ,
2097 461 2110 472 .

496 507 596 568 35.
643 506 761 570 Sed
790 505 1107 566 Corbuloni
1137 505 1269 584 plus
1303 505 1474 565 molis
1507 504 1790 566 adversus
1814 507 2102 583 ignaviam
2135 507 2382 567 militum

375 609 543 671 quam
584 600 783 652 contra
828 590 1127 671 perfidiam
1155 589 1403 649 hostium
1447 598 1603 649 erat:
1649 591 1863 668 quippe
1895 590 2062 650 Suria
2089 599 2380 652 transmo-

372 687 466 738 tae
497 676 794 752 legiones,
840 693 991 754 pace
1019 674 1197 750 longa
1231 691 1480 750 segnes,
1525 675 1713 732 munia
1741 673 2132 734 Romanorum
2163 692 2380 752 aeger·

314 777 326 782 ‘
370 763 513 820 rime
534 759 878 820 tolerabant.
919 759 1058 818 satis
1083 758 1339 820 constitit
1365 756 1588 817 fuisse
1571 775 1628 816 ιιι
1653 774 1724 817 eo
1751 760 2009 818 exercitu
2032 767 2380 837 veteranos,

322 864 349 904 5
374 848 468 924 qui
507 861 623 903 non
668 844 1000 919 stationem,
1044 859 1162 901 non
1192 841 1424 918 vigilias
1461 843 1732 918 inissent,
1777 841 1988 902 vallum
2034 841 2378 922 fossamque
2411 889 2418 896 .

371 931 534 1007 quasi
564 945 715 987 nova
748 935 807 986 et
838 927 979 986 mira
1011 926 1299 1001 viserent,
1342 925 1469 984 sine
1500 923 1718 1002 galeis,
1772 926 1896 985 sine
1929 925 2168 1003 loricis,
2211 927 2380 998 nitidi

373 1023 430 1073 et
460 1012 825 1090 quaestuosi,
856 1010 1053 1070 militia
1079 1028 1183 1088 per
1212 1008 1428 1087 oppida
1460 1007 1710 1087 expleta.
1771 1010 1944 1085 igitur
1970 1009 2220 1070 dimissis
2251 1012 2378 1088 qui-

371 1095 479 1175 bus
516 1103 789 1156 senectus
828 1104 923 1155 aut
958 1093 1227 1154 valetudo
1277 1091 1520 1152 adversa
1558 1101 1719 1169 erat,
1769 1094 2232 1172 supplementum
2271 1112 2378 1173 pe-

370 1183 513 1246 tivit.
588 1189 647 1239 et
688 1177 866 1239 habiti
910 1197 1017 1258 per
1047 1177 1326 1239 Galatiam
1370 1173 1912 1256 Cappadociamque
1953 1177 2226 1255 dilectus,
2273 1178 2378 1238 ad-

302 1289 353 1328 10
373 1267 641 1343 iectaque
674 1281 752 1322 ex
783 1262 1085 1324 Germania
1126 1261 1286 1338 legio
1321 1279 1447 1320 cum
1478 1261 1764 1339 equitibus
1791 1261 1986 1321 alariis
2020 1272 2082 1322 et
2109 1262 2376 1341 peditatu

372 1348 708 1408 cohortium.
771 1356 1147 1424 retentusque
1179 1345 1363 1405 omnis
1391 1345 1684 1404 exercitus
1707 1344 1817 1404 sub
1848 1344 2130 1423 pellibus,
2173 1363 2372 1423 quam·

369 1434 458 1491 vis
497 1429 687 1488 hieme
724 1447 899 1490 saeva
932 1429 1115 1506 adeo,
1157 1438 1217 1488 ut
1253 1429 1502 1488 obducta
1545 1427 1740 1504 glacie
1782 1430 1892 1488 nisi
1923 1430 2140 1489 effossa
2166 1430 2376 1489 humus

369 1514 633 1574 tentoriis
673 1511 867 1572 locum
908 1529 1022 1572 non
1063 1512 1392 1590 praeberet.
1474 1511 1720 1572 ambusti
1761 1513 2066 1573 multorum
2111 1522 2272 1572 artus
2319 1515 2378 1572 vi

368 1598 607 1674 frigoris
638 1605 696 1656 et
726 1597 955 1674 quidam
984 1597 1132 1655 inter
1164 1596 1442 1658 excubias
1475 1597 1780 1657 exanimati
1815 1607 1967 1658 sunt.
2031 1591 2374 1658 adnotatus·
2470 1671 2471 1676 γ

302 1699 352 1738 15
372 1700 485 1760 que
525 1681 726 1756 mileS,
770 1682 864 1759 qui
903 1681 1122 1741 fascem
1144 1679 1453 1756 ,lignorum
1497 1680 1800 1757 gestabat,
1846 1682 1923 1741 ita
1975 1683 2380 1760 praeriguisse
2470 1677 2471 1708 ³

370 1783 587 1841 manus,
620 1773 680 1824 ut
709 1767 872 1825 oneri
902 1762 1284 1825 adhaerentes
1313 1766 1530 1824 truncis
1563 1763 1819 1824 brachiis
1845 1765 2208 1826 deciderent.
2247 1770 2380 1846 ipse

372 1849 525 1910 cultu
554 1849 701 1924 levi,
754 1850 945 1927 capite
989 1850 1238 1924 intecto,
1279 1848 1337 1906 in
1368 1849 1625 1925 agmine,
1667 1849 1723 1907 in
1761 1847 2056 1908 laboribus
2092 1849 2382 1928 frequens

368 1932 605 2011 adesse,
639 1931 863 1993 laudem
893 1935 1173 2009 strenuis,
1208 1931 1484 1991 solacium
1513 1931 1809 2012 invalidis,
1839 1933 2170 2012 exemplum
2199 1935 2382 1992 omni·

367 2018 475 2079 bus
522 2017 854 2078 ostendere.
923 2017 1131 2077 dehinc
1165 2018 1298 2094 quia
1337 2017 1597 2077 duritiam
1635 2017 1784 2078 caeli
1825 2019 2182 2096 militiaeque
2216 2018 2380 2077 multi

296 2118 349 2157 20
370 2101 694 2162 abnuebant
742 2101 1240 2179 deserebantque,
1304 2100 1615 2161 remedium
1671 2103 1984 2162 severitate
2054 2104 2382 2179 quaesitum

370 2194 477 2245 est.
550 2201 662 2243 nec
696 2188 880 2263 enim,
924 2194 985 2245 ut
1024 2187 1081 2243 in
1122 2184 1252 2245 aliis
1295 2184 1675 2261 exercitibus,
1722 2188 1963 2263 primum
2009 2185 2380 2264 alterumque

368 2268 636 2327 delictum
665 2271 835 2329 venia
865 2268 1358 2347 prosequebatur,
1401 2267 1507 2327 sed
1539 2270 1633 2347 qui
1664 2271 1829 2347 signa
1861 2270 2217 2347 reliquerat,
2262 2279 2378 2329 sta-

368 2355 466 2411 tim
498 2352 687 2431 capite
717 2371 938 2431 poenas
980 2352 1193 2413 luebat.
1261 2353 1436 2451 idque
1465 2371 1569 2411 usu
1613 2352 1847 2413 salubre
1877 2362 1940 2413 et
1967 2353 2378 2415 misericordia

368 2436 570 2495 melius
600 2439 895 2515 apparuit:
927 2438 1141 2517 quippe
1174 2438 1482 2515 pauciores
1513 2435 1610 2495 illa
1645 2447 1833 2499 castra
1857 2437 2172 2498 deseruere
2201 2454 2376 2515 quam
2468 2450 2469 2519 g

296 2536 351 2575 25
370 2540 438 2581 ea
473 2522 529 2579 in
560 2521 766 2599 quibus
797 2521 1229 2599 ignoscebatur.
2468 2520 2469 2527 ’

496 2606 596 2666 36.
643 2602 875 2665 Interim
907 2604 1165 2665 Corbulo
1210 2603 1541 2681 legionibus
1582 2605 1728 2664 intra
1763 2613 1950 2664 castra
1983 2605 2222 2681 habitis,
2267 2604 2376 2664 do-

367 2706 479 2747 nec
515 2708 619 2748 ver
647 2689 1047 2765 adolesceret,
1093 2687 1510 2767 dispositisque
1543 2707 1650 2767 per
1679 2688 1925 2748 idoneos
1958 2690 2128 2749 locos
2161 2688 2376 2749 cohor-

367 2774 516 2832 tibus
542 2773 875 2849 auxiliariis,
906 2791 979 2831 ne
1005 2787 1254 2849 pugnam
1278 2773 1506 2849 priores
1531 2772 1806 2833 auderent
1829 2772 2143 2851 praedicit:
2179 2791 2380 2833 curam

370 2857 785 2935 praesidiorum
813 2855 1027 2915 Paccio
1060 2853 1244 2913 Orfito
1275 2858 1439 2932 primi
1488 2856 1588 2935 pili
1621 2855 1843 2917 honore
1877 2857 2186 2935 perfuncto
2218 2876 2380 2917 man-

315 2954 345 2994 s
372 2939 483 3000 dat.
545 2942 594 2999 is
638 2956 974 3018 quamquam
1012 2939 1275 2999 incautos
1319 2938 1602 3001 barbaros
1647 2948 1707 2999 et
1749 2938 1900 3000 bene
1944 2941 2246 3018 gerendae
2291 2944 2382 3001 rei

372 3042 565 3085 casum
608 3024 804 3083 offerri
849 3023 1199 3100 scripserat,
1257 3032 1460 3084 tenere
1507 3044 1571 3085 se
1616 3024 1972 3085 munimentis
2019 3028 2382 3089 et.maiores

369 3110 571 3187 copias
596 3107 854 3186 opperiri
884 3106 1125 3168 iubetur.
1176 3107 1282 3167 sed
1304 3118 1474 3187 rupto
1505 3111 1779 3187 imperio,
1814 3118 2122 3187 postquam
2147 3128 2382 3189 paucae

368 3212 401 3251 e
436 3193 710 3272 proximis
748 3190 1003 3251 castellis
1042 3202 1265 3252 turmae
1292 3192 1644 3253 advenerant
1685 3211 2054 3271 pugnamque
2080 3195 2381 3274 imperitia

366 3277 723 3354 poscebant,
768 3293 1122 3354 congressus
1165 3296 1291 3336 cum
1330 3276 1500 3335 hoste
1542 3276 1814 3335 funditur.
1891 3287 1952 3337 et
1992 3277 2204 3338 damno
2248 3280 2382 3339 eius

298 3368 349 3411 1⁰
369 3362 626 3419 exterriti
652 3362 751 3439 qui
776 3360 1086 3422 subsidium
1120 3362 1278 3421 ferre
1310 3359 1661 3436 debuerant,
1694 3379 1795 3421 sua
1820 3362 2062 3440 quisque
2089 3365 2150 3422 in
2181 3372 2384 3423 castra

366 3443 590 3519 trepida
632 3444 769 3522 fuga
814 3446 1063 3506 rediere.
1121 3444 1274 3524 quod
1317 3443 1574 3520 graviter
1607 3443 1865 3507 Corbulo
1907 3448 2138 3525 accepit
2181 3448 2382 3507 incre-
