2475 4000
666 232 874 309 LIBER
897 259 1009 307 xv,
1044 258 1191 305 cAP.
1222 258 1462 311 25—-31.
1933 253 2083 315 295·ι
2191 218 2194 227 ¹

82 430 285 473 sessae
329 430 453 471 cum
490 412 665 472 Paeto
706 413 971 489 legiones
1012 421 1204 488 erant,
1251 422 1366 471 tum
1393 412 1654 475 barbaris
1679 415 1942 475 delectas
1969 425 2060 478 est

82 497 158 557 ob
187 498 518 568 memoriam
546 495 803 562 laetioris
836 496 943 555 sibi
972 498 1079 572 rei,
1116 494 1430 555 Corbuloni
1461 515 1573 558 non
1603 503 1826 575 vitatae,
1858 510 1916 560 ut
1945 498 2058 559 dis-

82 578 390 639 similitudo
443 579 705 639 fortunae
760 578 1004 656 gloriam
1054 588 1316 655 augeret.
1395 598 1581 660 neque
1628 581 1854 642 infamia
1902 583 2060 643 Paeti

80 662 435 740 angebatur,
477 661 631 742 quod
676 680 749 721 eo
791 665 1035 723 maxime
1080 665 1286 741 patuit,
1334 665 1462 741 quia
1505 665 1622 725 lilio
1677 666 1799 725 eius
1833 666 2056 727 tribuno

82 748 299 807 ducere
342 746 661 825 manipulos
701 756 871 824 atque
910 748 1143 826 operire
1184 746 1461 825 reliquias
1489 749 1674 809 malae
1703 764 1932 827 pugnae
1959 752 2056 809 im·
2079 777 2162 817 ω-

80 831 328 910 pei-avit.
396 830 487 889 die
532 838 700 909 pacta
743 829 1004 890 Tiberius
1044 830 1408 908 Alexander,
1449 831 1702 891 inlustris
1729 848 1912 909 eques
1942 832 2058 891 Ro-

78 932 301 989 manus,
329 916 585 973 minister
616 913 772 973 bello
803 914 997 991 datus,
1030 923 1089 973 et
1116 911 1390 974 Vinianus
1415 916 1663 993 Annius,
1700 933 1884 993 gener
1918 914 2058 975 Cor-

80 998 341 1072 bulonis,
385 996 631 1057 nondum
657 1000 941 1057 senatoria
979 960 1171 1057 aetate
1214 998 1319 1057 sed
1343 1014 1450 1076 pro
1485 1000 1682 1077 legato
1715 1000 1944 1078 quintae
1978 998 2058 1057 le-

74 1083 241 1157 gioni
266 1081 568 1159 inpositus,
597 1082 652 1139 in
682 1090 869 1141 castra
898 1081 1159 1141 Tiridatis
1187 1098 1434 1161 venere,
1475 1083 1696 1163 honore
1725 1083 1847 1142 eius
1889 1100 1958 1140 ao
1986 1099 2058 1140 ne

77 1172 363 1224 metueret
410 1162 642 1223 insidias
700 1164 801 1224 tali
860 1167 1137 1243 pignore;
1195 1166 1388 1223 viceni
1445 1164 1652 1226 dehinc
1699 1168 1922 1245 equites
1961 1164 2126 1228 ad-15

78 1250 309 1327 sumpti.
371 1257 427 1307 et
457 1250 582 1307 viso
614 1246 941 1308 Corbulone
973 1267 1077 1307 rex
1108 1249 1266 1327 prior
1295 1266 1446 1338 equo
1483 1248 1739 1318 desiluit;
1783 1260 1894 1309 nec
1925 1266 2055 1308 cun-

78 1340 265 1391 ctatus
300 1330 576 1407 Corbulo,
608 1331 711 1391 sed
739 1330 920 1411 pedes
950 1340 1189 1409 uterque
1222 1318 1492 1392 dexteras
1523 1334 1828 1393 miscuere.

202 1414 307 1475 29.
362 1414 528 1475 Exim
559 1377 861 1493 ’Romanus
909 1414 1099 1473 laudat
1150 1416 1414 1474 iuvenem
1455 1418 1685 1475 omissis
1730 1416 2056 1495 praecipiti-

76 1499 182 1559 bus
216 1508 337 1559 tuta
378 1508 435 1557 et
480 1498 745 1558 salutaria
774 1507 1199 1576 capessentem.
1252 1496 1352 1557 ille
1393 1499 1465 1559 de
1494 1500 1792 1560 nobilitate
1821 1501 2058 1576 generis

76 1584 311 1647 multum
337 1582 648 1660 praefatae,
675 1589 869 1641 cetera
900 1590 1286 1659 temperanter
1311 1583 1592 1661 adiungit:
1620 1585 1822 1643 iturum
1843 1586 2056 1661 quippe

75 1668 321 1727 Romam
352 1664 705 1743 laturumque
733 1682 939 1724 novum
971 1656 1203 1725 Caesari
1234 1666 1440 1743 decus,
1484 1684 1599 1727 non
1635 1666 1895 1727 adversis
1924 1667 2054 1726 Par·

76 1750 306 1810 thorum
360 1748 535 1808 rebus
590 1749 911 1827 supplicem
952 1748 1290 1809 Arsaciden.
1347 1759 1462 1813 tum
1501 1752 1717 1829 placuit
1764 1751 2106 1814 Tiridatem»

78 1851 304 1913 ponere
334 1832 486 1911 apud
515 1833 767 1909 effigiem
800 1832 1065 1903 Caesaris
1100 1835 1325 1909 insigne
1355 1836 1577 1909 regium
1608 1851 1717 1892 nec
1758 1836 2058 1905 nisimanu

74 1916 331 1976 Neronis
362 1934 683 1987 resumere3
718 1922 773 1975 et
800 1917 1165 1994 conloquium
1190 1917 1392 1974 osculo
1421 1917 1650 1975 linitum.
1703 1916 1833 1975 dein'
1856 1917 2056 1994 paucis

74 2001 285 2060 diebus
314 2001 659 2077 interiectis,
692 2017 897 2076 mag-na
929 2002 1209 2078 utrimque
1239 2000 1474 2076 specie,
1517 1999 1650 2058 inde
1691 2017 1872 2076 eques
1903 2017 2056 2058 com·
2105 2068 2110 2076 ⁸

76 2083 307 2162 positus
346 2103 453 2162 per
496 2093 710 2144 turmas
740 2092 801 2142 et
836 2082 1155 2158 insignibus
1184 2083 1412 2160 patriis,
1455 2083 1590 2141 hinc
1617 2084 1844 2159 agmina
1872 2081 2056 2159 legio-

73 2183 211 2224 num
252 2174 467 2225 stetere
502 2165 852 2243 fulgentibus
882 2166 1089 2244 aquilis
1126 2168 1173 2224 si
1255 2167 1422 2242 isque
1455 2173 1513 2225 et
1543 2165 1863 2225 simulacris
1893 2164 2058 2224 deum
2078 2189 2132 2231 ιο

75 2253 133 2308 in
180 2245 406 2307 modum
450 2249 677 2326 templi.
729 2247 917 2307 medio
960 2249 1181 2308 tribuna
1248 2249 1444 2308 sedem
1487 2250 1740 2310 curulem
1784 2259 1844 2309 et
1885 2248 2056 2308 sedes

76 2329 339 2408 effigiem
378 2329 627 2392 Neronis
670 2331 1003 2392 sustinebat.
1070 2327 1141 2392 ad
1170 2349 1338 2410 quam
1369 2350 1722 2412 progressus
1749 2333 2057 2432 Tiridates,

78 2417 273 2476 caesis
316 2433 391 2476 ex
430 2433 593 2475 more
636 2415 914 2491 victimis,
969 2415 1247 2476 sublatum
1291 2418 1482 2496 capite
1529 2416 1786 2477 diadema
1829 2416 2060 2493 imagini

76 2499 353 2576 subiecit,
399 2500 621 2576 magnis
654 2499 803 2577 apud
846 2509 1086 2560 cunctos
1124 2501 1433 2560 animorum
1463 2501 1737 2576 motibus,
1782 2517 1928 2577 qnos
1962 2515 2058 2558 au-

78 2583 261 2660 gebat
288 2583 458 2643 insita
494 2582 677 2643 adhuc
716 2583 901 2642 oculis
930 2585 1281 2643 exercituum
1307 2584 1692 2644 Romanorum
1723 2581 1936 2642 caedes
1965 2590 2059 2640 aut
2081 2604 2130 2644 ιε

82 2665 331 2727 obsidio.
381 2675 437 2728 at
466 2682 613 2726 nunc
644 2683 854 2726 versos
878 2683 1077 2726 casus:
1110 2667 1314 2726 iturum
1338 2665 1628 2726 Tiridaten
1652 2667 1898 2727 ostentui
1919 2683 2058 2742 gen-

80 2750 251 2827 tihus,
284 2759 494 2829 quanto
529 2751 713 2809 minus
744 2767 911 2830 quam
942 2750 1310 2827 captivum?

202 2834 323 2895 30.
346 2833 579 2894 Addidit
606 2833 831 2910 gloriae
858 2833 1113 2894 Corbulo
1146 2837 1469 2896 comitatem
1499 2834 1846 2912 epulasque;
1885 2841 1944 2892 et
1967 2849 2058 2891 ro-

76 2919 299 2993 gitante
340 2935 486 2995 rege
530 2935 761 2994 causas,
813 2919 1075 2996 quotiens
1114 2934 1324 2978 novum
1363 2918 1574 2997 aliquid
1605 2918 1962 2992 adverterat,
2000 2923 2102 2974 ut
2125 2979 2132 2982 ,

80 3002 238 3061 initia
270 3001 591 3079 vigiliarum
623 3019 730 3079 per
762 3002 1152 3060 centurionem
1180 3005 1452 3079 nuntiari,
1503 3001 1826 3062 convivium
1854 2999 2060 3059 bucina
2131 3013 2140 3024 ⁸

81 3083 281 3143 dimitti
321 3095 380 3145 et
421 3093 689 3145 structam
726 3093 857 3144 ante
896 3085 1171 3161 augurale
1203 3103 1358 3146 aram
1389 3085 1610 3146 subdita
1643 3085 1772 3144 face
1801 3081 2060 3158 accendi,

76 3177 285 3229 cuncta
326 3167 384 3227 ln
430 3170 610 3228 maius
652 3167 923 3228 attollens
964 3168 1337 3229 admiratione
1390 3170 1564 3247 prisci
1609 3169 1784 3228 moris
1823 3166 2056 3227 adfecit.
2081 3185 2110 3226 s

82 3259 320 3328 postero
346 3251 439 3312 dle
462 3241 705 3332 spatium
728 3253 934 3328 oravit,
965 3269 1079 3331 qno
1104 3260 1314 3312 tantum
1333 3253 1550 3311 itineris
1577 3252 1828 3311 aditurus
1847 3251 2058 3310 fratres

76 3344 210 3394 ante
242 3343 589 3415 matremque
622 3338 868 3395 viseret:
897 3335 1155 3396 obsidem
1188 3338 1406 3395 interea
1437 3335 1608 3394 liliam
1639 3335 1808 3394 tradit
1837 3335 2058 3393 literas

78 3433 193 3495 que
226 3418 520 3497 supplices
550 3420 622 3479 ad
648 3419 960 3480 Neronem.

209 3502 310 3564 31.
355 3501 429 3563 Et
458 3503 753 3584 digressus
782 3503 1060 3564 Pacorum
1082 3502 1232 3582 apud
1250 3499 1480 3580 Medos,
1504 3501 1844 3580 Vologesen
1867 3497 2058 3560 Ecba·
