2475 4000
307 203 426 262 114
788 207 1121 258 colman
1156 206 1394 254 'mern
1435 206 1802 254 Ani-tamon

206 423 216 428 -
308 366 629 446 expediam.
689 365 919 440 genitus
947 363 1224 424 Vulsiniis
1264 367 1430 441 patre
1471 361 1609 422 Seio
1640 360 1926 422 Strabone
1957 362 2161 439 equite
2195 361 2334 422 Ro·

164 435 171 454 ⁴
306 467 503 526 man0,
551 458 608 509 et
638 448 821 527 prima
862 449 1091 507 iuventa
1129 446 1326 506 Gaium
1359 443 1668 504 Caesarem
1699 446 1812 505 divi
1841 444 2092 522 Augusti
2120 448 2334 523 nepo-

238 545 289 585 10
311 546 423 595 tem
459 540 743 608 sectatuS,
782 549 899 591 non
929 528 1053 591 sine
1082 547 1314 592 rumore
1341 527 1554 606 Apicio
1595 529 1752 589 diviti
1790 536 1848 588 et
1889 528 2145 607 prodigo
2199 538 2334 588 stu-

308 636 473 698 prum
510 633 660 676 veno
716 613 981 691 dedisse,
1032 631 1171 676 mox
1209 612 1501 673 Tiberium
1539 614 1716 675 variis
1763 612 1982 674 artibus
2025 612 2336 688 devinxit,

308 702 453 763 adeo
482 709 542 760 ut
571 699 883 758 obscurum
911 700 1215 759 adversum
1251 697 1399 758 alios
1433 697 1542 756 sibi
1571 697 1667 756 nni
1696 697 1984 757 incautum
2004 698 2332 756 intectum-

310 804 421 864 que
452 784 742 860 efiiceret,
788 800 902 842 non
930 792 1043 842 tam
1080 782 1341 842 sollertia
1373 782 1626 860 (quippe
1657 781 1841 840 isdem
1874 778 2091 841 artibus
2120 782 2336 840 victus

310 871 429 947 est)
471 885 643 948 quam
675 866 841 926 deum
882 868 967 926 ira
1005 865 1064 925 in
1101 884 1225 924 rem
1252 865 1599 941 Romanam,
1646 867 1808 926 cuius
1855 865 1979 944 pari
2014 865 2203 924 exitio
2237 865 2332 922 vi-

242 963 289 1004 15
313 957 433 1032 guit
464 952 805 1028 ceciditque.
856 968 1083 1029 ⁸corpus
1117 949 1201 1009 illi
1226 947 1488 1008 laborum
1516 948 1806 1025 tolerans,
1837 951 2057 1010 animus
2087 947 2331 1016 audax;
2395 976 2414 988 x

308 1040 394 1098 sui
436 1036 751 1111 obtegens,
793 1035 851 1092 iu
891 1033 1037 1093 alios
1080 1035 1436 1102 criminator;
1494 1033 1651 1092 iuxta
1701 1032 1953 1096 adulatio
1997 1041 2056 1091 et
2105 1050 2332 1110 super-2

307 1120 437 1190 bia;x
463 1119 651 1199 palam
682 1119 1041 1197 compositus
1072 1117 1287 1197 pudo'r,
1327 1118 1480 1175 intus
1511 1133 1727 1176 sumina
1767 1115 2068 1196 apiscendi
2105 1115 2328 1191 libido,
2380 1113 2389 1121 ‘

308 1206 550 1282 eiusque
593 1219 765 1262 causa
804 1200 975 1260 modo
1019 1201 1253 1278 largitio
1302 1209 1359 1259 et
1400 1200 1600 1276 luxus,
1645 1203 1877 1280 saepius
1919 1199 2203 1259 industria
2251 1217 2331 1258 ac

307 1287 631 1366 vigilantia,
671 1284 821 1346 haud
850 1287 1034 1346 minus
1072 1286 1316 1362 noxiae,
1361 1285 1627 1362 quotiens
1675 1283 1932 1363 parando
1975 1301 2166 1360 regno
2209 1283 2328 1343 fln-

240 1383 293 1430 20
354 1378 534 1428 untur.
2008 1420 2012 1424 .

310 1390 351 1447 g
434 1450 491 1508 2.
536 1452 668 1510 Vim
717 1437 1115 1530 praefecturae
1149 1451 1435 1512 modicam
1479 1461 1646 1511 antea
1697 1450 1964 1528 intendit,
2008 1450 2332 1529 dispersas

313 1554 418 1616 per
446 1533 645 1593 urbem
678 1533 948 1594 cohortes
978 1552 1089 1594 una
1118 1537 1175 1594 in
1212 1543 1400 1595 castra
1436 1535 1842 1612 conducenda,
1891 1544 1952 1594 ut
1996 1535 2169 1594 simul
2215 1536 2326 1596 im·

313 1619 475 1697 peria
504 1620 868 1695 acciperent,
915 1636 1270 1696 numeroque
1299 1627 1359 1678 et
1389 1618 1607 1680 robore
1639 1629 1699 1678 et
1730 1621 1855 1679 visu
1885 1619 2036 1678 inter
2066 1637 2135 1677 se
2173 1617 2325 1678 fidn-

312 1704 401 1762 cia
432 1701 607 1778 ipsis,
646 1703 705 1760 in
751 1709 983 1762 ceteros
1012 1711 1197 1762 metus
1230 1712 1516 1763 oreretur.
1583 1701 2000 1781 praetendebat
2031 1701 2328 1762 lascivire

260 1801 284 1838 5
310 1785 545 1844 militem
592 1783 905 1854 diductum
932 1784 999 1845 'si
1045 1785 1179 1863 quid
1232 1785 1478 1846 subitum
1518 1779 1779 1864 ingruat,
1831 1787 2052 1846 maiore
2093 1786 2324 1846 auxilio

314 1871 529 1948 pariter
586 1867 905 1938 subveniri;
958 1878 1019 1928 et
1059 1873 1323 1930 severius
1365 1863 1629 1947 acturos,
1685 1872 1735 1930 si
1772 1870 1984 1931 vallum
2029 1877 2328 1930 statuatur

288 1951 519 2032 ,procul
542 1950 697 2011 urbis
721 1951 1049 2023 inlecebris.
1096 1963 1157 2015 ut
1182 1954 1447 2033 perfecta
1473 1963 1600 2015 sunt
1625 1963 1834 2031 castra,
1870 1955 2144 2034 inrepere
2173 1971 2320 2033 pau-

311 2036 469 2099 latim
496 2035 772 2095 militares
800 2039 1017 2096 animos
1050 2038 1342 2115 adeundo,
1386 2038 1766 2118 appellando;
1812 2038 1977 2099 simul
2019 2040 2320 2099 centurio·

313 2138 418 2179 nes
460 2136 530 2177 ac
573 2118 833 2177 tribunos
876 2120 1005 2197 ipse
1036 2120 1319 2201 deligere.
1384 2141 1572 2203 neque
1608 2124 1904 2184 senatorio
1933 2121 2146 2186 ambitu
2184 2122 2319 2182 abs·

246 2201 531 2261 1⁰tinebat
560 2200 805 2259 clientes
836 2217 975 2259 suos
1005 2202 1320 2263 honoribus
1349 2216 1445 2267 aut
1485 2207 1804 2285 provinciis
1835 2205 2107 2282 ornandi,
2149 2206 2320 2265 facili

315 2284 551 2344 Tiberio
601 2292 773 2361 atque
813 2283 891 2342 ita
938 2301 1155 2361 prono,
1202 2296 1264 2347 ut
1305 2291 1521 2349 socium
1562 2288 1827 2349 laborum
1871 2307 1989 2350 non
2030 2289 2210 2349 modo
2257 2291 2318 2348 in

316 2365 706 2442 sermonibus„
759 2364 863 2425 sed
892 2366 1268 2446 apud-patres
1301 2380 1358 2429 et
1393 2372 1664 2451 populum
1708 2372 2037 2433 celebraret
2080 2373 2314 2450 colique

316 2468 423 2529 per
452 2449 675 2525 theatra
708 2460 765 2509 et
792 2436 920 2510 fora
957 2451 1191 2527 effigies
1222 2454 1365 2517 eius.
1391 2456 1652 2535 interque
1683 2459 1971 2536 principia
2015 2456 2314 2533 legionum

317 2537 550 2595 sineret.

440 2619 509 2679 3.
546 2616 815 2679 Ceterum
860 2617 1031 2695 plena
1076 2615 1388 2677 Caesarum
1430 2617 1665 2699 domus,
1708 2624 1933 2683 iuvenis
1977 2624 2162 2700 filins,
2211 2641 2316 2683 ne·

316 2711 486 2779 potes
526 2701 698 2761 adulti
740 2693 956 2762 moram
1002 2702 1209 2781 cupitis
1251 2700 1616 2774 adferebaut;
1663 2715 1722 2765 et
1756 2709 1888 2785 quia
1927 2710 1982 2766 vi
2015 2716 2103 2768 tot
2142 2707 2318 2768 simul

318 2786 619 2864 corripere
645 2786 912 2860 intutum,
957 2782 1126 2843 dolus
1166 2784 1471 2847 intervalla
1502 2788 1788 2849 scelerum
1832 2790 2134 2871 poscebat.
2189 2792 2316 2871 pla-

309 2871 433 2929 ‘cuit
461 2878 648 2929 tamen
680 2869 967 2929 occultior
994 2870 1087 2927 via
1122 2877 1179 2928 et
1208 2886 1241 2927 a
1268 2868 1460 2929 Druso
1490 2872 1773 2952 incipere,
1808 2876 1864 2932 in
1889 2893 2060 2953 quem
2082 2877 2320 2936 recenti

267 2960 294 3000 δ
316 2954 399 3012 ira
442 2952 768 3011 ferebatur,
810 2969 939 3010 nam
979 2950 1199 3012 Drusus
1238 2954 1525 3031 inpatiens
1571 2956 1776 3016 aemuli
1824 2966 1883 3016 et
1925 2960 2112 3019 animo
2153 2976 2319 3019 com·

315 3037 524 3097 motior
568 3043 697 3096 orto
739 3036 893 3094 forte
932 3034 1119 3111 iurgio
1162 3037 1484 3098 intenderat
1523 3040 1736 3099 Seiano
1780 3058 1979 3101 manus
2010 3051 2070 3102 et
2105 3052 2320 3103 contra

318 3119 605 3198 tendentis
637 3135 703 3178 os
734 3117 1163 3179 verberaverat.
1227 3123 1401 3198 igitur
1435 3130 1637 3183 cuncta
1669 3126 1970 3203 temptanti
1998 3127 2317 3205 promptis·

318 3204 515 3262 simum
543 3203 727 3261 visum
761 3201 833 3261 ad
861 3220 1102 3262 uxorem
1133 3207 1258 3264 eius
1286 3205 1500 3265 Liviam
1533 3217 1909 3286 convertere,
1955 3228 2107 3288 quae
2137 3228 2320 3269 soror

318 3285 667 3361 Germanici,
713 3286 932 3347 formae
976 3289 1136 3349 initio
1181 3292 1384 3349 aetatis
1429 3289 1772 3368 indecorae,
1817 3310 1955 3353 mox
1995 3294 2314 3374 pulchritu-

246 3383 297 3424 ιο
316 3366 445 3429 dine
480 3368 894 3447 praecellebat.
943 3370 1089 3431 hanc
1120 3382 1399 3433 utamore
1429 3375 1698 3434 incensus
1727 3375 2012 3437 adulterio
2038 3378 2315 3457 pellexit,

316 3460 375 3510 et
414 3460 717 3530 postquam
741 3456 933 3553 'primi-
958 3455 1156 3534 flagitii
1199 3457 1415 3537 potitus
1459 3467 1550 3517 est
1591 3461 1810 3537 (neque
1851 3460 2067 3522 femina
2097 3462 2312 3555 amissa
