2475 4000
1747 165 1765 188 .

326 223 411 284 84
530 192 538 198 ⁵
845 229 1173 278 CORNELII
1203 227 1439 308 'mom
1464 226 1826 274 ANNALmM

336 388 573 464 coargui
603 385 810 464 possit,
841 400 1065 461 vosque
1094 400 1201 443 oro
1228 400 1322 458 ne,
1355 381 1486 459 quia
1521 379 1711 458 dolori
1735 397 1863 439 meo
1892 396 2066 439 causa
2097 397 2335 439 conexa

336 480 446 547 est,
480 469 709 529 obiecta
740 467 972 527 crimina
1000 485 1108 547 pro
1139 464 1474 545 adprobatis
1509 465 1824 541 accipiatis.
1853 508 1859 517 .
1905 465 1953 521 si
1996 479 2143 540 quos
2190 481 2332 541 pro·

333 557 578 635 -pinquus
609 551 840 628 sanguis
869 559 965 610 aut
996 551 1139 610 fides
1170 567 1272 608 sua
1301 557 1580 628 patronos
1611 548 1806 623 dedit,
1853 556 2121 625 quantum
2171 547 2336 626 quis-

265 654 317 694 25
337 657 449 718 que
479 635 811 715 eloquentia
844 643 901 693 ct
934 651 1069 693 cura
1093 633 1290 708 valet,
1333 635 1520 691 iuvate
1565 631 2020 710 periclitantem:
2070 631 2144 690 ad
2189 637 2338 689 eun-

334 725 461 782 dem
508 720 801 793 laborem,
844 718 1086 778 eandem
1128 718 1502 777 constantiam
1543 725 1918 775 accusatores
1967 714 2192 773 hortor.
2277 715 2343 774 id

334 806 519 866 solum
556 802 894 863 Germanico
923 819 1102 880 super
1129 801 1300 877 leges
1330 800 1817 878 praestiterimus,
1867 799 2021 878 quod
2063 801 2121 857 in
2172 799 2340 857 curia

335 891 525 968 potius
573 905 740 964 quam
782 887 840 944 in
881 885 1045 960 forn,
1090 883 1241 962 apud
1283 892 1541 944 senatum
1583 900 1749 960 quam
1789 882 1941 961 apud
1986 882 2211 941 iudices
2257 883 2339 941 de

333 981 516 1032 morte
547 973 670 1030 eius
700 969 1049 1047 anquiritur:
1080 977 1279 1027 cetera
1309 968 1433 1045 pari
1462 966 1745 1026 modestia
1767 974 2099 1026 tractentur.
2157 983 2339 1024 nemo

266 1056 510 1115 aoDrusi
541 1054 839 1128 lacrimas,
870 1068 1038 1112 nemo
1068 1052 1409 1110 maestitiam
1437 1068 1621 1109 meam
1653 1059 1938 1131 spectet,·
1967 1069 2078 1108 nec
2119 1049 2174 1108 si
2217 1067 2340 1128 qua

334 1142 391 1199 in
428 1157 535 1198 nos
567 1137 809 1197 adversa
842 1136 1171 1213 linguntur?

461 1223 559 1282 13.
600 1220 768 1280 Exim
813 1220 1043 1279 biduum
1084 1219 1409 1279 criminibus
1454 1217 1776 1278 obiciendis
1831 1219 2094 1277 statuitur
2148 1225 2340 1296 utque

336 1324 444 1367 sex
472 1305 689 1364 dierum
719 1305 907 1382 spatio
939 1305 1245 1363 interiecto
1281 1322 1417 1362 reus
1462 1320 1568 1380 per
1605 1302 1850 1375 triduum
1893 1302 2338 1361 defenderetur.

334 1399 452 1448 tum
480 1387 773 1446 Fulcinius
818 1396 1019 1446 vetera
1068 1395 1127 1445 et
1169 1387 1356 1446 inania
1398 1386 1647 1462 orditur,
1693 1385 1994 1445 ambitiose
2037 1403 2342 1463 avareque

336 1470 583 1531 habitam
624 1467 1181 1548 Hispaniam3‘quod
1222 1487 1412 1547 neque
1459 1469 1779 1528 convictum
1829 1487 2020 1529 noxae
2072 1487 2213 1544 reo,
2287 1471 2342 1528 si

290 1581 315 1619 5
338 1555 593 1614 recentia
620 1561 930 1631 purgaret,
961 1570 1152 1629 neque
1184 1552 1484 1612 defensum
1515 1547 1862 1614 absolutioni
1896 1557 2050 1627 erat,
2085 1555 2132 1612 si
2166 1563 2340 1612 tene·

336 1647 501 1697 retur
522 1635 831 1696 maioribus
862 1635 1113 1712 flagitiis.
1175 1645 1311 1714 post
1342 1654 1511 1716 quem
1541 1637 1836 1697 Servaeus
1871 1646 1929 1696 et
1956 1636 2244 1696 Veranius
2283 1647 2344 1694 et

312 1715 605 1781 Vitellius
636 1719 920 1779 consimili
949 1718 1169 1792 studio,
1213 1729 1274 1778 et
1297 1720 1475 1778 multa
1517 1719 1847 1798 eloquentia
1874 1720 2180 1796 vitellius,
2229 1720 2341 1779 ob·

334 1806 532 1864 iecere
564 1803 697 1863 odio
724 1800 1044 1863 Germanici
1075 1812 1133 1862 et
1154 1819 1347 1861 rerum
1374 1820 1648 1862 novarum
1684 1804 1870 1865 studio
1906 1804 2178 1865 Pisonem
2207 1804 2341 1862 vul-

336 1905 444 1966 gus
473 1887 708 1947 militum
739 1905 846 1965 per
877 1886 1167 1947 licentiam
1196 1895 1256 1946 et
1285 1888 1573 1946 sociorum
1604 1888 1839 1947 iniurias
1871 1906 1943 1948 eo
1974 1905 2160 1964 usque
2195 1905 2341 1947 con-

270 1993 319 2035 ιο
337 1969 601 2051 rupisse,
635 1978 695 2031 ut
723 1989 936 2050 parens
970 1971 1262 2050 legionum
1291 1988 1324 2032 a
1357 1972 1680 2045 deterrimis
1731 1972 2156 2052 appellaretur:
2196 1989 2339 2032 con-

333 2058 423 2116 ’tra
456 2058 512 2115 in
544 2056 815 2136 optimum
847 2074 1156 2135 quemque,
1188 2057 1432 2115 maxime
1471 2056 1527 2113 in
1559 2058 1800 2115 comites
1841 2067 1900 2116 et
1942 2058 2157 2117 amicos
2191 2056 2341 2116 Ger-

333 2140 538 2200 manici
590 2139 878 2207 saevisse;
939 2149 1235 2218 postremo
1282 2141 1468 2217 ipsum
1524 2140 1933 2200 devotionibus
1987 2150 2046 2199 et
2101 2157 2340 2199 veneno

336 2224 655 2301 peremisse
658 2246 685 2295 3
726 2240 893 2281 sacra
924 2222 1055 2283 hinc
1086 2232 1145 2283 et
1176 2224 1596 2283 immolationes
1627 2224 1909 2284 nefandas
1943 2225 2125 2303 ipsius
2159 2235 2342 2303 atque

337 2306 664 2381 Plancinae,
702 2308 937 2383 petitam
964 2310 1135 2385 armis
1166 2325 1290 2367 rem
1314 2308 1638 2387 publicam,
1675 2317 1851 2386 utque
1881 2326 2016 2367 reus
2061 2309 2156 2385 agi
2198 2324 2340 2386 pos·

270 2410 319 2449 15
342 2399 452 2466 set,
482 2390 608 2448 acie
642 2390 872 2449 victum.

466 2475 567 2534 14.
613 2473 895 2533 Defensio
926 2476 983 2533 in
1025 2476 1237 2532 ceteris
1283 2475 1622 2555 trepidavit:
1668 2494 1794 2535 nam
1837 2494 2030 2553 neque
2076 2474 2336 2533 ambitio·

337 2575 465 2617 nem
498 2558 800 2617 militarem
826 2575 1018 2635 neque
1050 2559 1406 2634 provinciam
1447 2562 1704 2638 pessimo
1748 2562 1956 2638 cuique
2005 2558 2340 2633 obnoxiam,

337 2659 411 2700 ne
448 2642 820 2701 contumelias
851 2641 1079 2718 quidem
1117 2640 1421 2699 adversum
1455 2645 1860 2721 imperatorem
1897 2643 2128 2703 infitiari
2168 2650 2341 2720 pote-

338 2734 457 2784 rat:
508 2724 694 2784 solum
714 2725 932 2805 ‚veneni
964 2725 1179 2781 crimen
1205 2722 1364 2783 visus
1397 2735 1486 2785 est
1517 2727 1774 2803 diluisse,
1807 2726 1963 2805 quod
1994 2745 2067 2786 ne
2097 2743 2342 2785 accusa-

292 2816 503 2871 5tores
550 2808 777 2886 quidem
822 2808 963 2865 satis
1008 2806 1336 2883 firmabant,
1378 2811 1434 2869 in
1471 2813 1736 2871 convivio
1781 2810 2142 2884 Germanici,
2207 2827 2345 2867 cum

336 2910 516 2969 super
548 2910 676 2951 eum
716 2890 847 2948 Piso
880 2889 1291 2967 discumberet,
1322 2893 1572 2954 infectos
1601 2895 1859 2954 manibus
1895 2896 2019 2958 eius
2053 2894 2220 2953 cibos
2249 2910 2342 2952 ar-

336 2985 599 3052 guentes.
661 2974 873 3051 quippe
905 2972 1213 3033 absurdum
1246 2976 1548 3037 videbatur
1591 2980 1738 3037 inter
1780 2979 1968 3038 aliena
2009 2978 2249 3037 servitia
2281 2986 2345 3035 et

334 3068 421 3119 tot
450 3059 789 3119 adstantium
813 3056 961 3131 visu,
993 3058 1123 3136 ipso
1150 3057 1488 3121 Germanico
1523 3080 1751 3137 coram,
1783 3062 1840 3121 id
1863 3079 2090 3129 ausum:
2124 3061 2343 3120 offere-

336 3142 549 3221 batque
577 3139 850 3201 familiam
877 3158 1016 3199 reus
1050 3150 1109 3200 et
1136 3145 1426 3205 ministros
1459 3147 1515 3204 in
1540 3155 1825 3206 tormenta
1853 3144 2168 3222 flagitabat.
2230 3144 2342 3202 sed

267 3243 318 3284 10
337 3227 561 3286 iudices
592 3242 701 3301 per
731 3222 962 3284 diversa
992 3225 1374 3303 inplacabiles
1399 3239 1582 3305 erant,
1612 3227 1831 3289 Caesar
1858 3228 1934 3288 ob
1959 3229 2173 3309 bellum
2199 3246 2339 3305 pro-

334 3310 558 3370 vinciae
590 3307 851 3383 inlatum,
907 3318 1139 3369 senatus
1184 3329 1485 3389 numquam
1525 3314 1665 3373 satis
1709 3314 1930 3373 credito
1974 3316 2099 3372 sine
2131 3312 2342 3372 fraude

342 3389 737 3453 Germanicum
767 3394 1052 3454 interisse.
1113 3394 1191 3435 **
1238 3397 1612 3474 scripsissent
1657 3397 2128 3476 expostulanteS,
2179 3395 2342 3475 quod

332 3473 483 3535 haud
517 3478 697 3535 minus
728 3474 990 3539 Tiberius
1025 3492 1190 3556 quam
1222 3478 1354 3539 Piso
1398 3479 1670 3541 abnuere.
1749 3481 1912 3541 simul
1957 3480 2158 3559 populi
2201 3489 2339 3539 ante
