2475 4000
647 303 856 355 unua
886 307 999 355 xv.
1046 307 1193 354 cst.
1236 306 1480 361 31—37.
1851 334 1857 349 ·
1941 298 2064 361 297
2135 288 2164 381 {⁸

214 458 311 520 35.
332 458 496 519 Eius
536 462 736 517 munus
758 423 1151 538 frequentanti
1177 460 1395 523 Neroni
1434 438 1506 522 ne
1552 465 1699 524 inter
1738 465 2068 543 voluptates

78 542 321 623 quidem
362 562 395 603 a
439 542 759 602 sceleribus
799 544 1153 604 cessabatur.
1223 546 1404 605 isdem
1445 548 1663 626 qnippe
1704 547 1818 619 illis
1865 549 2065 609 diebus

80 628 414 704 Torquatus
442 627 670 686 Silanus
709 623 855 685 mori
888 626 1164 705 adigitur,
1216 630 1348 708 quia
1388 649 1563 709 super
1591 630 1784 689 Iuniae
1810 622 2093 692 familiae

78 709 483 770 claritudinem
524 708 710 769 divum
745 709 1065 787 Augustum
1106 712 1347 771 abavum
1394 714 1638 773 ferebat.
1719 714 1858 773 iussi
1897 734 2064 777 accu-

76 802 319 857 satores
358 793 593 854 obicere
640 793 944 894 prodigum
981 795 1408 873 largitionibus,
1461 816 1650 881 neque
1696 796 1864 859 aliam
1905 816 2066 877 spem
2092 820 2123 859 5

79 894 257 957 quam
298 877 355 937 in
400 877 575 937 rebus
615 879 781 937 novis
822 882 1177 957 esse.qu1'n
1206 897 1333 940 eum
1362 882 1418 940 in
1446 882 1596 941 villis
1626 880 1872 958 habere,
1923 899 2068 959 quos

76 961 154 1021 ab
186 961 451 1039 epistulis
480 968 539 1020 et
562 960 780 1021 libellis
804 970 863 1021 et
890 962 1208 1022 rationibus
1247 960 1534 1063 appellet,
1563 966 1788 1027 nomina
1819 982 2070 1025 summae

80 1062 263 1105 curae
304 1055 363 1105 et
391 1045 806 1105 meditamenta.
865 1054 978 1105 tum
1005 1048 1229 1106 intimus
1255 1050 1496 1126 quisque
1537 1049 1874 1109 libertorum
1895 1049 2071 1107 vincti

78 1129 453 1213 abreptique.
518 1136 723 1189 etcum
746 1128 1027 1193 damnatio
1055 1132 1312 1207 instaret,
1342 1130 1703 1192 brachiorum
1727 1150 1904 1191 venas
1928 1131 2068 1191 Tor·
2189 1199 2202 1207 ,

80 1222 292 1291 quatuo
328 1211 661 1273 interscidit.
730 1222 1041 1290 secutaque
1067 1212 1319 1273 Neronis
1349 1215 1532 1275 oratio
1566 1234 1641 1275 ex
1659 1232 1845 1292 more,
1877 1233 2068 1294 quamr
2091 1234 2144 1274 io

79 1299 173 1355 vis
196 1305 423 1357 sontem
448 1305 507 1355 et
530 1295 849 1356 defensioni
874 1298 1077 1355 merito
1094 1296 1342 1360 diffisum
1361 1299 1638 1359 victurum
1661 1308 1848 1360 tamen
1863 1300 2100 1375 fuisse,

80 1382 129 1439 si
167 1380 531 1441 clementiam
559 1378 759 1440 iudicis
788 1388 1211 1459 exspectasset.

214 1464 315 1525 36.
360 1464 487 1523 Nec
514 1463 693 1523 multo
724 1471 891 1541 post,
928 1466 1139 1523 omissa
1166 1466 1223 1523 in
1257 1482 1537 1544 praesens
1566 1464 1788 1528 Achaia
1825 1468 2068 1547 (causae

79 1550 139 1607 in
170 1549 397 1608 incerto
426 1546 625 1624 fuere)
658 1545 857 1606 urbem
887 1548 1121 1624 revisit,
1156 1551 1488 1627 provincias
1516 1551 1783 1638 orientis,
1826 1548 2069 1609 maxime
2143 1592 2148 1596 -

78 1630 453 1709 Aegyptum,
498 1632 745 1691 secretis
786 1630 1280 1707 imaginationibus
1322 1630 1562 1711 agitans.
1635 1634 1842 1695 dehinc
1877 1634 2067 1693 edicto

74 1716 427 1775 testificatus
456 1732 572 1774 non
599 1714 832 1792 longam
866 1717 951 1773 sui
984 1714 1297 1777 absentiam
1327 1727 1387 1777 et
1423 1726 1626 1779 cuncta
1657 1720 1714 1777 in
1741 1736 1808 1779 re
1837 1715 2070 1797 publica

80 1798 330 1876 perinde
357 1801 587 1859 immota
621 1815 689 1857 ac
719 1815 1003 1878 prospera
1032 1798 1189 1877 fore,
1234 1819 1410 1879 super
1438 1797 1512 1875 ea
1539 1800 1902 1879 profectione
1933 1800 2070 1860 adiit
2091 1817 2122 1857 5

80 1882 449 1959 Capitolium.
504 1881 625 1942 illic
667 1882 1189 1965 veneratusstleos,
1233 1901 1361 1943 cum
1394 1885 1611 1945 Vestae
1655 1901 1884 1961 quoque
1929 1891 2067 1942 tem-

77 1966 243 2045 plum
276 1966 497 2044 inisset,
527 1975 769 2045 repente
805 1975 1045 2027 cunctos
1074 1985 1180 2046 per
1204 1976 1362 2027 artus
1390 1976 1673 2043 tremens,
1707 1984 1810 2027 seu
1843 1967 2068 2026 numine

76 2059 451 2126 exterrente,
486 2069 590 2111 seu
618 2050 935 2111 facinorum
965 2051 1373 2110 recordatione
1410 2067 1708 2129 numquam
1735 2051 1941 2108 timore
1972 2067 2068 2108 va·

78 2151 261 2207 cuns,
312 2133 564 2193 deseruit
598 2135 919 2211 inceptum,
965 2142 1200 2192 cunctas
1249 2132 1356 2192 sibi
1399 2151 1565 2193 curas
1610 2149 1807 2193 amore
1850 2135 2069 2212 patriae

76 2217 343 2274 leviores
373 2215 655 2275 dictitans.
716 2216 931 2276 vidisse
961 2225 1211 2276 maestos
1240 2218 1446 2276 civium
1477 2216 1698 2294 vultus,
1738 2216 1950 2277 audire,
1977 2234 2066 2289 ser
2089 2229 2145 2270 ιο

80 2305 279 2358 cretas
304 2298 708 2376 querimonias,
742 2298 895 2379 quod
922 2307 1133 2359 tantum
1155 2300 1393 2361 itineris
1413 2301 1664 2362 aditurus
1685 2310 1864 2377 esset,
1909 2301 2068 2360 cuius

76 2401 157 2440 ne
188 2381 448 2441 modicos
485 2380 711 2460 quidem
743 2400 1019 2459 egressus
1050 2383 1400 2462 tolerarent,
1443 2386 1590 2445 sueti
1610 2385 1920 2445 'adversum
1949 2385 2067 2446 for·
2109 2409 2116 2414 -

80 2466 226 2525 tuita
259 2473 498 2544 aspectu
530 2465 804 2545 principis
832 2465 1111 2526 refoveri.
1180 2479 1326 2544 ergo
1356 2476 1418 2528 ut
1453 2469 1510 2528 in
1539 2469 1785 2547 privatis
1813 2469 2068 2529 necessi·

82 2548 373 2609 tudinibns
404 2549 665 2627 proxima
695 2549 943 2628 pignora
974 2551 1406 2629 praevalerent,
1445 2554 1524 2612 ita
1566 2552 1838 2631 populum
1862 2552 2068 2612 Roma-

78 2650 212 2692 num
255 2633 367 2692 vim
399 2631 695 2711 plurimam
736 2632 953 2693 habere
994 2635 1421 2713 parendumque
1463 2636 1752 2695 retinenti.
1812 2635 1957 2695 haec
1987 2643 2067 2693 at·
2087 2644 2144 2686 1⁵

80 2733 197 2794 que
233 2716 369 2778 talia
400 2715 559 2795 plebi
587 2716 840 2777 volentia
869 2716 1067 2794 fuere,
1112 2718 1462 2797 voluptatum
1493 2718 1760 2798 cupidine
1789 2727 1877 2795 et,
1919 2735 2069 2797 quae

82 2801 401 2878 praecipua
446 2818 580 2860 cura
620 2808 737 2876 est,
788 2801 875 2860 rei
912 2799 1316 2862 frumentariae
1362 2804 1686 2878 angustias,
1734 2804 1782 2861 si
1813 2801 2066 2877 abesset,

35 2887 37 2890 ’
80 2884 371 2944 metuenti.
435 2879 668 2944 senatus
712 2891 773 2942 et
819 2884 1103 2962 primores
1146 2886 1203 2944 in
1244 2887 1468 2945 incerto
1511 2894 1702 2962 erant,
1751 2884 1954 2965 procul
1997 2902 2070 2944 an

84 2985 280 3027 coram
313 2969 570 3027 atrocior
600 2965 941 3028 haberetur:
974 2966 1214 3045 dehinc,
1253 2986 1400 3047 quae
1428 2978 1627 3032 natura
1653 2970 1876 3092 magnis
1907 2969 2067 3029 timo-

80 3049 260 3127 ribus,
290 3050 544 3111 deterius
574 3049 887 3111 credebant
920 3051 1073 3130 quod
1102 3062 1398 3112 evenerat.
1543 3081 1559 3090 κ
2083 3066 2146 3108 ιο

208 3134 309 3196 37.
348 3134 483 3215 Ipse
518 3151 633 3214 quo
669 3132 837 3194 iidem
866 3135 1196 3213 adquireret
1236 3135 1376 3200 nihil
1417 3153 1652 3214 usquam
1682 3135 1922 3215 perinde
1950 3135 2067 3200 lae·

81 3225 197 3276 tum
235 3217 371 3295 sibi,
420 3218 669 3298 publicis
710 3217 861 3277 locis
900 3225 1125 3278 struere
1160 3219 1428 3280 convivia
1459 3228 1694 3298 totaque
1730 3218 1874 3280 urbe
1904 3219 2078 3296 quasi

82 3299 251 3360 domo
280 3304 381 3361 uti.
444 3311 502 3362 et
534 3299 951 3361 celeberrimae
991 3302 1127 3362 luxu
1157 3303 1437 3382 famaque
1458 3302 1666 3382 epulae
1697 3303 1892 3378 fuere,
1925 3319 2070 3380 quas

83 3399 117 3442 a
144 3383 431 3461 Tigellino
463 3393 693 3463 paratas
718 3393 779 3444 ut
810 3379 1135 3490 exemplum
1166 3387 1449 3463 referam,
1494 3404 1567 3445 ne
1599 3387 1834 3465 saepius
1865 3386 2068 3456 eadem

83 3467 443 3545 prodigentia
482 3467 763 3528 narranda
798 3469 891 3528 sit.
966 3469 1140 3547 igitur
1180 3471 1237 3529 in
1283 3479 1492 3547 stagno
1541 3470 1846 3570 Agrippae
1888 3469 2058 3529 fabri·
2085 3485 2118 3525 s

86 3559 243 3612 catus
270 3561 361 3612 est
386 3561 597 3630 ratem,
636 3553 729 3612 cui
768 3555 1193 3634 superpositum
1224 3553 1548 3614 convivium
1575 3555 1798 3616 navium
1829 3553 2065 3614 aliarum
