2475 4000
505 211 717 258 Lmen
751 213 842 259 VI.
891 211 1042 261 CAP.
1076 213 1299 269 18—-23
1329 204 1630 286 (12—17).
1830 191 1836 199 ⁸
1966 210 2078 299 1¹61

105 366 381 443 virginum
413 373 592 447 aetas,
621 364 684 424 L.
718 364 1013 445 Cassium,
1045 369 1123 430 Μ.
1158 370 1445 428 Vinicium
1482 370 1647 448 legit.
1710 374 1941 435 Vinicio
1982 393 2083 456 op-

16 457 19 462 ’
107 449 365 529 pidanum
395 466 607 525 genus:
643 447 878 512 Calibus
907 461 1090 530 ortus,
1124 462 1287 531 patre
1321 462 1489 530 atque
1520 471 1629 520 avo
1668 458 2083 537 consularibus,

107 543 296 593 cetera
331 535 585 611 equestri
603 533 830 596 ¹familia
859 545 1014 613 erat,
1055 538 1206 598 mitis
1241 537 1476 612 ingenio
1506 546 1567 596 et
1595 549 1857 617 comptae
1889 543 2084 604 facun—
2109 557 2134 596 ⁵

101 618 244 677 diae.
311 616 548 677 Cassius
583 617 799 697 plebeii
837 620 1058 680 Romae
1085 621 1356 698 generis,
1403 638 1603 680 verum
1647 624 1859 702 antiqui
1902 626 2082 688 hono-

101 703 336 778 ratique,
369 710 427 760 et
455 706 880 780 severa=patris
909 703 1216 783 disciplina
1255 701 1493 763 eductus
1536 704 1814 766 facilitate
1854 713 2083 790 saepius

102 803 261 862 quam
291 783 564 846 industria
609 787 1128 847 commendabatur.
1186 787 1321 846 huic
1356 786 1701 868 Drusillam,
1738 791 1967 852 Vinicio
1997 793 2084 854 Iu-

98 869 224 928 liam
267 867 610 929 Germanico
643 873 877 950 ,genitas
929 872 1226 948 coniungit
1276 888 1567 951 superque
1630 891 1699 933 ea
1751 892 1819 934 re
1870 879 2087 936 senatui

99 952 328 1028 scribit,
377 952 493 1012 levi
538 970 663 1012 cum
709 953 932 1014 honore
974 956 1261 1014 iuvenum.
1321 955 1455 1016 dein
1502 957 1741 1019 redditis
1792 957 2085 1020 absentiae
2108 972 2153 1012 ιο

102 1039 284 1096 causis
331 1036 630 1096 admodum
671 1039 838 1114 vagis
881 1038 1042 1098 flexit
1083 1039 1154 1097 ad
1198 1041 1470 1116 graviora
1515 1051 1573 1100 et
1614 1042 1965 1102 offensiones
2008 1043 2083 1104 ob

97 1139 212 1180 rem
248 1119 538 1200 publicam
569 1129 838 1198 coeptas,
875 1131 1050 1200 utque
1091 1123 1291 1182 Macro
1342 1125 1673 1202 praefectus
1712 1125 2083 1186 tribunorum·

97 1223 204 1282 que
231 1214 292 1264 et
327 1204 720 1264 centurionum
751 1207 922 1282 pauci
957 1224 1154 1266 secum
1187 1208 1518 1286 introirent,
1562 1210 1827 1287 quotiens
1873 1211 2085 1271 curiam

97 1288 514 1365 ingrederetur,
529 1289 774 1367 petivit.
831 1289 1110 1367 factoque
1143 1290 1311 1368 large
1351 1301 1411 1351 et
1458 1295 1582 1352 sine
1626 1295 2085 1373 praescriptione

95 1375 332 1449 generis
357 1381 452 1431 aut
488 1372 708 1431 numeri
755 1383 986 1432 senatus
1029 1374 1296 1434 consulto
1338 1393 1410 1434 ne
1448 1385 1601 1436 tecta
1641 1377 1868 1455 quidem
1904 1377 2079 1454 urbis,
2106 1389 2154 1430 ¹5

95 1457 236 1516 adeo
268 1455 563 1536 publicum
607 1457 910 1516 consilium
951 1476 1252 1535 numquam
1302 1458 1469 1536 adiit,
1518 1460 1704 1540 deviis
1750 1461 2083 1540 plerumque

95 1541 392 1602 itineribus
422 1538 678 1600 ambiens
709 1541 947 1619 patriam
983 1551 1041 1600 et
1071 1541 1387 1604 declinans.

217 1628 321 1688 22.
366 1624 593 1685 Interea
634 1641 842 1702 magna
887 1628 978 1685 vis
1017 1637 1417 1687 accusatorum
1456 1628 1512 1686 in
1558 1646 1662 1689 eos
1700 1629 1943 1707 inrupit,
1986 1630 2153 1706 quil!

95 1713 370 1788 pecunias
397 1709 637 1768 faenore
669 1709 1018 1770 auctitabant
1045 1711 1349 1770 adversum
1389 1712 1583 1789 legem
1612 1713 1911 1773 dictatoris
1943 1709 2084 1772 Cae·

95 1797 259 1868 saris,
293 1810 404 1872 qua
435 1793 508 1852 de
535 1792 706 1854 modo
739 1793 1014 1854 credendi
1045 1795 1495 1874 possidendique
1536 1797 1681 1856 intra
1725 1796 1945 1857 Italiam
1993 1813 2063 1856 ca

95 1887 278 1954 vetur,
307 1879 576 1938 omissam
609 1878 764 1954 olim,
797 1879 1187 1957 quiaprivato
1217 1882 1339 1938 usui
1374 1878 1584 1938 bonum
1613 1878 1901 1957 publicum
1926 1889 2083 1958 post·

91 1965 338 2042 ponitur.
402 1979 542 2023 sane
571 1970 740 2023 vetus
767 1962 893 2023 urbi
931 1962 1208 2025 faenebre
1241 1961 1451 2022 malum
1488 1969 1547 2030 et
1593 1961 1933 2039 seditionum
1972 1961 2083 2021 dis·
2106 1972 2133 2013 ⁵

91 2046 532 2125 cordiarumque
569 2046 924 2108 creberrima
956 2065 1163 2122 causa,
1207 2062 1401 2124 eoque
1431 2045 1811 2107 cohibebatur
1844 2045 2086 2123 antiquis

88 2148 324 2209 quoque
367 2138 426 2189 et
464 2131 650 2190 minus
691 2132 982 2209 corruptis
1027 2130 1303 2190 moribus.
1387 2146 1515 2189 nam
1561 2132 1743 2210 primo
1790 2128 2087 2190 duodecim

83 2213 303 2273 tabulis
333 2222 620 2288 sanctum,
652 2232 726 2273 ne
753 2217 883 2293 quis
911 2215 1168 2275 unciario
1198 2213 1441 2273 faenore
1472 2214 1713 2293 amplius
1756 2222 2085 2289 exerceret,
2185 2252 2191 2263 .

85 2313 218 2356 cum
251 2304 422 2355 antea
456 2314 532 2354 ex
561 2296 800 2357 libidine
832 2298 1209 2376 locupletium
1237 2300 1584 2374 agitur-etum
1624 2299 1757 2358 dein
1784 2299 2086 2375 rogatione

81 2380 396 2441 tribunicia
427 2379 498 2438 ad
544 2382 866 2441 semuncias
901 2381 1224 2458 redactum,
1271 2392 1570 2462 postremo
1607 2382 1785 2442 vetita
1825 2398 2082 2443 versura.
2104 2392 2154 2433 1⁰

87 2465 398 2541 multisque
430 2462 622 2541 plebis
654 2466 815 2526 scitis
857 2465 1086 2527 obviam
1126 2468 1263 2526 itum
1306 2465 1633 2542 fraudibus,
1678 2482 1826 2543 quae
1871 2466 2086 2524 totiens
2206 2464 2232 2521 -’

89 2565 406 2628 repressae
473 2550 649 2608 miras
719 2548 824 2628 per
881 2559 1038 2611 artes
1089 2568 1315 2610 rursum
1374 2549 1721 2610 oriebantur.
1812 2547 1916 2608 sed
1972 2556 2087 2607 tum
2190 2558 2201 2567 ”

91 2630 390 2693 Gracchus
418 2641 676 2709 praetor,
707 2636 798 2693 cui
829 2652 900 2695 ea
931 2638 1194 2712 quaestio
1225 2642 1519 2711 evenerat,
1548 2631 1903 2692 multitudine
1934 2631 2085 2711 peri·

93 2716 404 2776 clitantium
448 2715 720 2777 subactus
766 2717 984 2777 rettulit
1043 2719 1114 2778 ad
1165 2728 1451 2792 senatum,
1511 2715 1835 2795 trepidique
1892 2724 2087 2793 patres

91 2802 314 2878 (neque
345 2800 494 2859 enim
525 2799 823 2879 quisquam
849 2801 952 2861 tali
981 2802 1152 2882 culpa
1193 2800 1441 2877 vacuus)
1486 2817 1709 2860 veniam
1746 2817 1779 2858 a
1825 2800 2085 2878 principe
2103 2810 2153 2851 1⁵

93 2886 387 2961 petivere3
433 2892 494 2943 et
535 2884 896 2946 concedente
939 2902 1118 2946 annus
1157 2888 1211 2945 in
1252 2894 1548 2963 posterum
1589 2902 1811 2962 sexque
1857 2900 2087 2942 menses

93 2966 242 3045 dati,
283 2968 413 3045 quis
459 2968 772 3031 secundum
813 2969 970 3030 iussa
989 2969 1162 3045 legis
1204 2970 1459 3029 rationes
1497 2968 1813 3029 familiares
1843 2967 2083 3046 quisque

95 3062 528 3130 componerent.

216 3136 318 3197 23.
361 3134 510 3197 Hinc
541 3136 737 3216 inopia
766 3136 854 3196 rei
892 3136 1234 3196 nummariae
1252 3179 1271 3212 ‚
1314 3145 1603 3197 commoto
1640 3134 1806 3196 simul
1836 3133 2081 3194 omnium
2097 3130 2156 3184 1⁷

93 3234 228 3279 aere
257 3219 481 3298 alieno,
527 3229 585 3279 et
612 3224 747 3301 quia
776 3229 864 3280 tot
891 3218 1168 3281 damnatis
1215 3218 1498 3298 bonisque
1540 3237 1741 3279 eorum
1782 3217 2083 3279 diven'ditis

93 3303 370 3379 signatum
414 3314 712 3381 argentum
753 3306 898 3367 fisco
953 3304 1048 3364 vel
1103 3304 1329 3364 aerario
1388 3303 1747 3363 attinebatur.
1832 3303 1904 3363 ad
1972 3299 2085 3359 hoc

95 3396 323 3447 senatus
352 3391 833 3467 praescripserat,
866 3387 1020 3447 duas·
1038 3390 1281 3466 quisque
1318 3387 1571 3447 faenoris
1603 3396 1800 3467 partes
1832 3390 1899 3449 in
1924 3386 2084 3462 agris

93 3485 197 3546 per
234 3469 456 3529 ltaliam
501 3472 857 3533 conlocaret.
927 3471 1030 3532 sed
1073 3471 1395 3532 creditores
1440 3473 1495 3530 in
1542 3472 1787 3533 solidum
1824 3468 2131 3553 appella-5

173 3573 348 3612 uem
390 3574 530 3615 unns
573 3576 608 3613 1.
731 3602 740 3607 .
1707 3558 1775 3617 11
