2475 4000
316 151 396 213 88
823 160 1156 209 cosman
1183 159 1417 207 mom
1440 160 1805 221 sumnum
1856 156 1863 163 ·

245 338 295 377 ιο
315 317 626 394 signiferos
677 316 835 394 quod
873 315 1181 375 inconditis
1227 322 1325 374 aut
1364 314 1764 374 desertoribus
1813 313 1979 373 miles
2020 312 2325 373 Romanus

313 411 478 477 terga
511 400 705 467 daret;
751 398 919 457 simul
943 406 1228 476 exceptat
1262 397 1500 457 vulnera
1536 407 1594 457 et
1621 415 1958 497 quamquam
1985 397 2327 457 transfosso

313 484 487 544 oculo
521 476 826 542 adversum
857 499 925 541 os
957 484 1014 541 in
1044 482 1271 541 hostem
1306 482 1580 557 intendit,
1624 500 1815 559 neque
1858 480 2150 560 proelium
2184 483 2327 540 omi·

313 568 407 642 sit,
441 566 630 626 donec
662 566 928 626 desertus
961 567 1077 625 suis
1113 562 1371 625 caderet.
1610 582 1617 593 ·

434 650 536 711 21.
585 648 749 722 Quae
780 659 1087 728 postquam
1115 647 1176 707 L.
1209 646 1473 727 Apronio
1520 651 1682 729 (nam
1714 647 1957 709 Camillo
2000 667 2325 708 successe-

312 734 432 811 rat)
467 742 798 812 comperta,
845 734 1030 809 magis
1071 732 1368 792 dedecore
1410 750 1643 792 suorum
1686 750 1853 810 quam
1896 733 2087 808 gloria
2130 732 2327 791 hostis

315 819 546 893 anxius,
590 834 724 876 raro
755 834 823 875 ea
851 824 1197 893 tempestate
1229 824 1287 874 et
1316 834 1348 875 e
1379 827 1583 876 vetere
1614 818 1887 876 memoria
1915 816 2186 875 facinore
2222 816 2323 875 de-

315 919 536 961 cumum
588 917 874 979 quemque
927 901 1347 976 ignominiosae
1406 900 1663 961 cohortis
1709 910 1867 960 sorte
1922 900 2131 959 ductos
2184 900 2324 959 fusti

266 1001 290 1037 5
314 994 501 1045 necat.
546 993 876 1061 tantumque
900 985 1217 1042 severitate
1243 984 1591 1061 profectum,
1623 994 1683 1043 ut
1705 984 1979 1043 vexillum
2001 993 2320 1043 veterano·

312 1088 457 1145 rum,
489 1085 605 1127 non
636 1068 879 1145 amplius
911 1084 1076 1146 quam
1113 1070 1408 1144 quingenti
1432 1086 1690 1144 numeru,
1722 1068 1958 1127 easdem
1978 1065 2323 1127 Tacfarina-

310 1155 386 1212 tis
431 1154 632 1231 copias
675 1150 1022 1230 praesidium
1069 1152 1159 1210 cui
1204 1150 1385 1211 Thala
1424 1168 1630 1212 nomen
1682 1152 1997 1229 adgressas
2040 1151 2317 1211 fuderint.

313 1255 428 1315 quo
459 1235 688 1314 proelio
727 1234 910 1294 Rufus
943 1234 1182 1294 Helvius
1205 1237 1510 1312 gregarius
1533 1235 1701 1295 miles
1726 1236 1941 1295 servati
1966 1236 2112 1293 civis
2130 1236 2323 1294 decus

310 1320 530 1379 rettulit
560 1320 919 1395 donatusque
957 1327 1048 1377 est
1075 1318 1146 1378 ab
1175 1318 1441 1396 Apronio
1469 1320 1771 1397 torquibus
1812 1329 1873 1379 et
1912 1319 2102 1377 hasta.
2166 1317 2313 1377 Cae·

244 1422 294 1460 10
312 1417 407 1461 sar
438 1402 653 1461 addidit
681 1404 922 1460 civicam
953 1419 1262 1477 coronam,
1315 1404 1471 1481 quod
1512 1422 1624 1462 non
1672 1422 1799 1463 eam
1840 1420 2077 1481 quoque
2120 1404 2311 1480 Apro·

309 1487 438 1544 nius
469 1486 592 1543 iure
624 1485 994 1563 proconsulis
1035 1485 1366 1566 tribuisset,
1412 1497 1649 1567 questus
1692 1488 1875 1563 magis
1916 1504 2087 1565 quam
2130 1486 2315 1562 offen·

311 1587 429 1630 sus.
494 1568 599 1628 sed
643 1567 978 1627 Tacfarinas
1023 1570 1313 1645 perculsis
1357 1571 1615 1631 Numidis
1646 1581 1705 1631 ct
1741 1571 1965 1631 obsidia
1996 1588 2317 1649 aspernan-

309 1654 460 1714 tibus
487 1654 707 1730 spargit
739 1651 977 1728 bellum,
1003 1651 1098 1709 ubi
1127 1654 1455 1731 instaretur,
1482 1655 1699 1715 cedens
1728 1674 1796 1714 ac
1821 1672 2043 1713 rursum
2067 1656 2123 1712 in
2146 1664 2317 1731 terga

310 1754 596 1795 remeans.
659 1744 716 1794 et
757 1736 886 1795 dum
919 1753 990 1795 ea
1034 1738 1178 1795 ratio
1223 1736 1475 1799 barbaro
1520 1740 1658 1814 fuit,
1706 1740 1930 1797 inritum
1972 1738 2317 1816 fessumque

243 1841 294 1880 15
310 1819 626 1879 Romanum
656 1821 886 1897 impune
920 1819 1355 1885 ludificabatur:
1398 1806 2076 1917 postquam-deflexitiad
2100 1824 2317 1881 mariti-

307 1922 434 1963 mos
464 1905 651 1979 locos,
690 1905 960 1982 inligatus
989 1905 1210 1983 praeda
1239 1908 1464 1966 stativis
1496 1902 2101 1981 castris‘adhaerebat,
2134 1908 2316 1964 missu

306 1992 485 2069 patris
517 1989 810 2068 Apronius
843 1986 1160 2050 Caesianus
1195 2009 1321 2049 cum
1358 1993 1553 2070 equite
1587 2000 1644 2051 et
1688 1989 2023 2052 cohortibus
2072 1990 2317 2049 auxilia-

304 2075 428 2149 riis,
463 2074 594 2151 quis
623 2071 1028 2134 velocissimos
1061 2075 1352 2152 legionum
1382 2076 1701 2151 addiderat,
1736 2090 2082 2154 prosperam
2104 2075 2315 2134 adver·

307 2175 432 2216 sum
459 2157 735 2215 Numidas
764 2175 1011 2235 pugnam
1044 2158 1183 2218 facit
1215 2159 1499 2237 pellitque
1530 2161 1585 2218 in
1617 2159 1870 2218 deserta.

431 2239 533 2298 22.
582 2238 660 2297 At
702 2237 921 2300 Romae
961 2239 1211 2319 Lepida,
1257 2244 1349 2301 cui
1392 2262 1571 2321 super
1612 2243 1990 2303 Aemiliorum
2030 2241 2220 2300 decus
2252 2241 2313 2300 L.

311 2321 473 2381 Sulla
517 2330 576 2379 et
621 2319 723 2381 Gn.
768 2324 1076 2402 Pompeius
1128 2327 1333 2402 proavi
1380 2336 1585 2403 erant,
1638 2327 1895 2388 defertur
1942 2324 2315 2384 simulavisse

310 2411 532 2484 partum
562 2423 636 2464 ex
668 2406 728 2465 P.
763 2407 1020 2480 Quirinio
1053 2407 1226 2467 divite
1257 2419 1430 2488 atque
1474 2409 1641 2470 orbo.
1712 2410 2107 2472 adiciebantur
2148 2407 2307 2468 adul-

292 2490 484 2567 .teria,
528 2504 751 2550 venena
793 2490 1224 2569 quaesitumque
1265 2511 1374 2571 per
1416 2491 1745 2555 Chaldaeos
1793 2495 1849 2552 in
1889 2494 2117 2553 domum
2160 2490 2310 2550 Gae-

255 2595 280 2632 5
309 2575 478 2649 saris,
513 2573 862 2634 defendente
892 2583 1049 2633 ream
1077 2573 1267 2636 Manio
1300 2576 1520 2657 Lepido
1560 2579 1759 2638 fratre.
1834 2578 2125 2651 Quirinius
2170 2586 2316 2653 post

307 2657 516 2716 dictum
550 2657 850 2736 repudium
889 2658 1074 2718 adhuc
1120 2660 1379 2720 infensus
1426 2665 1684 2739 quamvis
1728 2663 1920 2721 infami
1964 2679 2033 2720 ac
2074 2661 2315 2718 nocenti

305 2741 730 2800 miserationem
761 2740 1080 2801 addiderat.
1147 2742 1299 2804 haud
1340 2745 1515 2805 facile
1569 2748 1697 2824 quis
1740 2745 2063 2824 dispexerit
2106 2743 2203 2802 illa
2250 2744 2313 2801 in

307 2825 636 2899 cognitione
670 2833 916 2883 mentem
949 2827 1257 2905 principis:
1306 2828 1455 2888 adeo
1501 2832 1676 2889 vertit
1722 2848 1791 2890 ac
1833 2829 2059 2888 miscuit
2080 2830 2215 2896 ,irae
2248 2837 2315 2886 et

307 2907 646 2968 clementiae
687 2910 870 2984 signa.
956 2908 1305 2988 deprecatus
1348 2914 1531 2990 primo
1568 2924 1827 2973 senatum
1867 2931 1940 2971 ne
1984 2913 2312 2970 maiestatis

235 3009 284 3048 10
307 2987 540 3051 crimina
569 3000 982 3068 tractarentur,
1018 3011 1155 3053 mox
1181 2993 1258 3053 Μ.
1286 2997 1594 3057 Servilium
1626 3016 1659 3056 e
1694 2995 2091 3057 consularibus
2128 2996 2313 3056 alios-

304 3093 416 3152 que
445 3083 631 3135 testes
661 3075 864 3154 inlesit
895 3077 963 3136 ad
996 3078 1347 3155 proferenda
1383 3098 1531 3158 quae
1560 3082 1720 3141 velut
1747 3084 1979 3142 reicere
2011 3081 2309 3140 voluerat.

298 3159 569 3238 idemque
609 3177 816 3218 servos
843 3160 1132 3240 Lepidae,
1183 3182 1309 3223 cum
1348 3165 1578 3225 militari
1624 3166 1886 3226 custodia
1926 3164 2313 3240 haberentur,

300 3243 588 3303 transtulit
617 3243 689 3303 ad
721 3245 994 3305 consules
1022 3265 1212 3324 neque
1246 3266 1355 3326 per
1384 3257 1669 3309 tormenta
1700 3252 2049 3326 interrogari
2089 3267 2313 3328 passus

303 3335 393 3384 est
431 3325 505 3386 de
548 3328 618 3386 iis
660 3345 808 3406 quae
849 3329 920 3389 ad
964 3331 1192 3390 domum
1236 3349 1394 3391 suam
1435 3335 1809 3410 pertinerent.
1884 3335 2097 3393 exemit
2132 3335 2313 3394 etiam

233 3421 280 3460 1⁵
303 3407 548 3470 Drusum
574 3413 868 3474 consulem
891 3417 1248 3491 designatum
1272 3415 1553 3476 dicendae
1575 3419 1759 3495 primo
1783 3420 1918 3479 loco
1941 3424 2313 3491 sententiae;
