2475 4000
365 171 480 231 112
599 216 612 221 -
845 178 1172 225 commnn
1203 177 1437 225 TACITI
1469 176 1835 225 ANNALIUM
1881 234 1899 251 .

289 347 340 387 1⁰
361 335 464 395 sed
495 333 936 412 praefulgebant
968 332 1202 392 Cassius
1233 342 1401 411 atque
1421 331 1624 391 Brutus
1650 350 1725 391 eo
1745 334 1898 411 ipso,
1935 332 2091 410 quod
2118 333 2337 410 efligies

361 437 557 478 eorum
586 434 700 477 non
729 417 1075 478 visebantur.

747 1000 1412 1121 CORNELII
1480 1002 1946 1098 TAQITI

863 1160 952 1223 AB
1007 1154 1307 1221 EXCESSU
1358 1159 1505 1221 DIVI
1558 1157 1854 1223 AUGUSTI

640 1300 2059 1398 ANNALIUM

1100 1481 1613 1547 LIBERIV.

359 1800 781 1853 BREVIARIUM.
859 1800 978 1865 Gap.
1015 1798 1058 1848 1.
1093 1800 1322 1851 Tiberius
1356 1802 1530 1853 saevit.
1598 1801 1760 1851 Causa
1784 1816 1941 1866 penes
1973 1798 2185 1851 Aelium
2220 1804 2345 1853 Seia-

427 1888 562 1931 num,
595 1871 736 1918 cuius
759 1870 1022 1933 ingenium
1053 1876 1101 1918 et
1131 1866 1315 1921 mores.
1391 1872 1441 1919 2.
1472 1873 1521 1920 Is
1567 1871 1957 1919 dominationem
1992 1871 2218 1935 aspirat,
2260 1884 2344 1935 quo

427 1951 481 1991 ut
507 1940 778 2007 perveniat,
806 1938 994 1987 Romae
1020 1939 1073 1987 in
1099 1946 1264 1989 castra
1294 1941 1545 2006 praetoria
1574 1939 1782 1987 militem
1800 1940 2051 1989 conducit.
2110 1940 2164 1990 3.
2198 1943 2345 1990 Druso

427 2011 613 2061 Tiberii
649 2009 751 2058 filio
785 2008 1052 2057 insidiatur
1081 2023 1172 2074 per
1200 2025 1412 2058 uxorem
1444 2009 1567 2070 eiuS,
1598 2017 1771 2074 stupro
1800 2009 2061 2074 pollutam.
2138 2011 2193 2059 4.
2230 2011 2346 2060 Dru—

427 2097 515 2132 sus
556 2077 836 2127 Germanioi
877 2085 1049 2142 togam
1100 2079 1296 2127 virilem
1336 2077 1504 2126 sumit.
1590 2075 1758 2126 Status
1799 2077 2065 2144 publicus»,
2116 2092 2346 2128 numerus

352 2143 358 2149 ’
425 2151 712 2213 legionum,
772 2145 823 2194 5.
864 2160 1035 2194 earum
1078 2155 1126 2195 et
1163 2147 1441 2196 cohortium
1487 2155 1535 2195 et
1582 2146 1818 2196 classium
1859 2146 1967 2194 loca
2010 2157 2343 2211 exponuntur.

425 2218 478 2269 6.
519 2215 690 2264 Civilis
741 2213 1102 2264 administratio
1154 2215 1318 2278 qualis
1374 2214 1632 2263 hactenus.
1718 2216 1765 2263 7.
1818 2213 2035 2263 Seianus
2080 2217 2349 2279 potentiam

429 2291 596 2348 auget,
643 2281 691 2332 8.
727 2283 919 2331 sublato
955 2298 1046 2347 per
1077 2298 1328 2332 venenum
1353 2283 1535 2332 Druso,
1600 2283 1827 2332 Tiberius
1859 2285 2085 2332 animum
2112 2285 2349 2333 obfirmat.

429 2361 658 2404 senatum
689 2351 866 2416 erigit,
905 2352 1052 2414 eique
1080 2352 1208 2401 filios
1235 2351 1518 2401 Germanici
1552 2353 1653 2402 duo
1700 2353 2014 2401 commendat
2058 2361 2119 2400 ut
2166 2351 2351 2429 imperii

427 2421 656 2472 heredes
710 2421 758 2471 9.
795 2421 964 2468 Funus
996 2419 1158 2468 Druso
1185 2420 1397 2469 illustre.
1459 2420 1541 2469 10.
1576 2421 1657 2470 11.
1692 2421 1837 2470 Falsa
1871 2420 1934 2469 de
1956 2421 2128 2470 Druso
2162 2422 2213 2470 ab
2236 2421 2348 2482 ipso

427 2499 567 2558 patre
603 2500 776 2539 necato
814 2488 965 2536 fama
1035 2487 1114 2536 12.
1157 2488 1335 2552 Populi
1369 2488 1513 2540 favor
1548 2489 1665 2538 filiis
1702 2489 1980 2539 Germanici
2022 2492 2221 2539 noxius.
2284 2487 2352 2535 lis

429 2569 476 2610 et
509 2559 822 2624 Agrippinae
861 2555 1074 2605 Seianus
1102 2557 1315 2606 insidias
1343 2559 1507 2606 struit.

529 2628 608 2678 13.
643 2627 872 2675 Tiberius
903 2624 1182 2689 legationes
1219 2633 1268 2673 et
1299 2626 1643 2676 accusationes
1686 2614 1942 2676 civitatum
1980 2635 2058 2676 et·
2070 2627 2357 2692 provincia—

427 2713 540 2748 rum
571 2696 725 2744 audit.
795 2693 874 2742 14
907 2693 982 2742 De
1015 2694 1170 2757 asylis
1195 2701 1386 2753 actum;
1423 2694 1695 2744 histriones
1714 2696 1858 2744 Italia
1886 2696 2039 2760 pulsi.
2098 2697 2187 2746 15.
2223 2696 2359 2744 Alter

427 2783 492 2816 ex
524 2765 678 2814 Drusi
704 2763 872 2811 liberis
905 2762 1024 2822 obit,
1058 2763 1177 2811 item
1205 2762 1429 2813 Lucilius
1466 2763 1675 2828 Longus
1706 2765 1951 2830 principis
1988 2765 2207 2815 amicus.
2274 2764 2361 2812 Ca-

423 2838 528 2902 pito
559 2834 841 2883 damnatus.
902 2829 984 2883 16.
1012 2800 1126 2880 ’Lex
1154 2830 1256 2880 lata
1287 2832 1350 2880 de
1381 2831 1581 2881 flamine
1617 2833 1766 2882 Diali.
1828 2833 2121 2883 Vestalibus
2160 2823 2363 2882 habitus

425 2903 608 2954 honos,
735 2927 750 2934 -
1861 2905 1883 2932 θ

531 2971 612 3020 17.
650 2967 920 3018 Sollemnia
963 2977 1079 3017 vota
1121 2985 1213 3034 pro
1262 2971 1505 3036 principe.
1566 2971 1633 3019 Iis
1668 2970 1845 3018 inserti
1880 2967 2012 3018 Nero
2054 2976 2103 3017 et
2144 2969 2363 3018 Drusus.

409 3041 569 3090 ‘Hinc
583 3039 752 3088 odium
798 3037 1006 3098 Tiberii,
1062 3053 1210 3100 quem
1260 3037 1473 3087 Seianus
1532 3039 1767 3087 stimulat.
1838 3038 1918 3087 18.
1951 3037 2045 3085 Hic
2076 3035 2369 3086 Germanici

425 3111 612 3159 amicos
660 3106 971 3170 aggreditur.
1027 3106 1108 3158 19.
1159 3105 1311 3156 Silius
1354 3109 1633 3156 damnatur.
1713 3106 1801 3158 20.
1846 3107 1984 3157 Uxor
2045 3107 2161 3156 eius
2218 3105 2371 3155 Sosii

427 3179 543 3227 obit..
607 3175 812 3226 Cassius
841 3173 1060 3224 Severus
1092 3177 1143 3225 in
1175 3191 1354 3226 saxum
1380 3175 1647 3241 Seriphum
1671 3177 1940 3240 relegatur.
2012 3175 2101 3226 22.
2128 3175 2372 3224 Plautius

428 3247 660 3296 Silvanus
687 3243 833 3308 perit.

529 3313 612 3364 23.
648 3310 1012 3362 Tacfarinatem
1044 3314 1173 3362 bella
1204 3329 1379 3362 rursus
1412 3321 1725 3374 moventem,
1770 3315 1853 3362 24.
1888 3313 2155 3362 Dolabella
2190 3327 2331 3377 opp1
2336 3327 2375 3358 1—

423 3383 514 3430 mit
560 3383 643 3432 25.
682 3390 728 3430 et
752 3383 928 3430 caedit.
981 3381 1068 3432 26.
1101 3381 1447 3446 Triumphalia
1480 3397 1580 3431 non
1601 3384 1847 3448 impetrat.
1896 3381 2222 3430 Ptolemaeus
2256 3395 2377 3428 rnu-

423 3453 544 3496 nera
576 3452 771 3516 accipit.
829 3451 912 3499 27.
952 3449 1158 3500 Sel-vilis
1191 3459 1357 3498 motus
1383 3451 1577 3498 semina
1602 3467 1693 3514 per
1721 3450 1917 3500 Italiam
1943 3465 2212 3516 oppressa.
