2475 4000
405 301 528 363 326
884 293 1212 356 couusnu
1250 307 1483 356 uem
1524 271 1892 358 Α’Νιυιιιιιιι
2423 321 2426 508 f

403 469 693 528 Romanus
723 470 1074 541 poposcerat
1095 479 1256 522 reum
1289 479 1365 521 ex
1396 462 1806 540 proconsulatu
1833 460 2032 538 Asiae,
2066 462 2122 520 in
2148 479 2252 539 qua
2275 461 2346 520 ol·
2423 511 2425 546 ἰ

404 549 701 610 tensiones
729 547 1003 625 principis
1030 547 1190 606 auxit
1214 546 1425 604 iustitia
1452 553 1622 622 atque
1651 544 1952 621 industria,
1995 552 2054 604 et
2084 545 2208 622 quia
2235 562 2348 642 por-

402 635 482 692 tui
520 631 901 710 Ephesiorum
934 629 1248 708 aperiendo
1293 645 1483 688 curam
1523 629 1904 707 insumpserat
1929 629 2156 706 vimque
2183 629 2350 686 civita·

363 717 479 778 stis
510 715 932 792 Pergamenae,
976 712 1337 792 prohibentis
1365 711 1638 771 Acratum
1667 710 1936 772 Caesaris
1974 711 2234 771 libertum
2259 719 2350 770 sta-

402 809 531 860 tuas
563 807 620 856 et
645 799 897 877 picturas
929 796 1212 870 evehere,
1240 794 1474 855 inultam
1503 797 1794 855 omiserat.
1830 794 1932 854 sed
1965 796 2180 855 crimini
2205 781 2350 853 daba-

402 893 496 943 tur
522 882 767 943 amicitia
793 880 977 939 Plauti
1004 887 1065 938 et
1089 878 1320 939 ambitio
1351 877 1747 940 conciliandae
1775 880 2114 957 provinciae
2145 877 2212 937 ad
2237 895 2352 955 spes
2425 891 2427 898 ·

406 972 631 1029 novas(
686 972 910 1042 tempus
964 963 1308 1026 dainnationi
1357 960 1676 1040 delectum,
1729 979 1842 1041 quo
1899 961 2180 1022 Tiridates
2226 961 2351 1020 acci-

386 1049 615 1130 pieudo
656 1048 964 1106 Armeniae
1002 1063 1187 1122 regno
1240 1043 1614 1122 adventabat,
1659 1054 1721 1105 ut
1761 1045 1833 1105 ad
1873 1054 2114 1105 externa
2144 1044 2350 1104 rumori·

339 1154 387 1194 ιο
405 1135 511 1193 bus
542 1132 863 1191 intestinum
890 1129 1084 1190 scelus
1118 1129 1558 1205 obscuraretur,
1607 1147 1680 1189 an
1709 1138 1769 1188 ut
1813 1127 2287 1228 magnitudinem
2273 1143 2350 1185 uu·
2427 1183 2429 1196 ,

406 1217 751 1296 peratoriam
802 1213 983 1274 caede
1040 1214 1343 1290 insignium
1393 1213 1646 1272 virorum
1695 1213 1858 1290 quasi
1906 1214 2075 1289 regio
2125 1212 2352 1272 facinore

408 1307 741 1361 ostentaret.

495 1383 630 1442 24.
672 1381 853 1457 Igitur
884 1381 1033 1440 omni
1065 1381 1299 1440 civitate
1325 1364 1402 1440 ad
1432 1378 1832 1460 excipiendum
1863 1380 2183 1459 principem
2210 1395 2350 1456 spec·

406 1465 753 1562 tandumque·
785 1481 1017 1542 regem
1032 1464 1246 1539 effusa,
1301 1462 1559 1523 Thrasea
1613 1481 1862 1524 occursu
1906 1462 2222 1560 prohibitus
2260 1477 2352 1519 non

408 1549 633 1609 demisit
662 1548 935 1624 animum,
985 1546 1088 1606 sed
1119 1546 1422 1606 codicillos
1457 1546 1530 1606 ad
1558 1547 1850 1606 Neronem
1889 1547 2240 1646 composuit,
2279 1561 2351 1602 re·

409 1633 639 1711 quireus
653 1629 901 1688 obiecta
928 1638 987 1688 et
1016 1639 1468 1706 expurgaturum
1495 1631 1874 1706 adseverans,
1915 1631 1964 1689 si
1994 1631 2241 1690 notitiam
2267 1627 2351 1685 cri·

356 1737 383 1776 a
408 1717 615 1774 minum
635 1721 704 1771 et
723 1713 949 1790 copiam
973 1712 1223 1773 diluendi
1245 1710 1558 1773 habuisset.
1610 1732 1716 1773 eos
1742 1711 2044 1774 codicillos
2068 1712 2222 1772 Nero
2243 1727 2351 1789 pro·
2419 1653 2434 1842 ‡

409 1805 677 1878 peranter
722 1799 981 1876 accepit,
1028 1814 1135 1877 spe
1181 1798 1510 1856 exterritum
1552 1797 1865 1859 Thraseam
1919 1797 2221 1876 scripsisse
2269 1811 2353 1872 per

408 1899 554 1960 quae
598 1878 987 1940 claritudinem
1034 1880 1310 1959 principis
1359 1867 1670 1941 extolleret
1721 1896 1995 1958 suamque
2039 1881 2236 1940 famam
2273 1877 2352 1935 de·
2431 1855 2433 1904 ⁵

405 1965 754 2025 honestaret.
818 1964 971 2043 quod
1013 1963 1108 2024 ubi
1148 1981 1264 2023 nou
1299 1967 1492 2026 evenit
1519 1966 1846 2065 vultumque
1877 1973 1934 2025 et
1971 1965 2202 2044 spiritus
2225 1970 2276 2021 et
2299 1960 2351 2019 li·

270 2065 287 2083 ·
396 2050 683 2116 ,δειιιιιειιι
711 2049 949 2109 insontis
980 2046 1133 2108 ultro
1164 2033 1440 2125 extimuit,
1469 2052 1669 2109 vocari
1699 2059 1896 2129 patres
1927 2048 2105 2109 iubet.

533 2132 633 2193 25.
675 2133 816 2193 Tum
838 2132 1095 2192 Thrasea
1116 2135 1266 2191 inter
1287 2134 1587 2211 proximos
1610 2133 1974 2210 consultavit,
2003 2138 2354 2210 temptaretne

348 2270 353 2277 .
396 2217 800 2277 defensionem
856 2233 941 2275 an
994 2224 1317 2295 sperneret.
1395 2216 1621 2277 diversa
1673 2217 1912 2277 consilia
1965 2215 2352 2275 adferebantur.
2433 2260 2435 2281 ,

302 2299 309 2306 ’
410 2299 667 2385 quibus
650 2300 845 2358 intrari
886 2302 1096 2359 curiam
1140 2298 1441 2377 placebat,
1499 2318 1742 2360 securos
1781 2318 1918 2361 esse
1955 2300 2028 2359 de
2073 2297 2352 2359 constantia

408 2384 533 2443 eius
560 2368 876 2451 disserunt;
920 2382 1060 2445 nihil
1092 2380 1369 2442 dicturum
1405 2386 1512 2443 nisi
1541 2400 1656 2462 quo
1692 2384 1936 2462 gloriam
1975 2391 2241 2460 augeret3
2283 2396 2351 2438 se-

358 2486 386 2525 s
411 2484 557 2543 gaes
602 2474 660 2526 et
700 2466 943 2545 pavidos
981 2467 1264 2549 supremis
1303 2468 1423 2526 suis
1461 2476 1750 2528 secretum
1801 2466 2178 2529 circumdare.
2233 2463 2352 2541 aspi-

408 2557 597 2611 ceret·
608 2549 857 2629 populus
896 2551 1077 2611 virum
1114 2551 1286 2609 morti
1331 2550 1595 2628 obvium,
1659 2550 1881 2613 audiret
1931 2559 2166 2611 senatus
2205 2562 2352 2607 voces

409 2634 574 2712 quasi
602 2650 677 2691 ex
706 2632 897 2715 aliquo
926 2634 1149 2695 numine
1187 2652 1362 2713 supra
1390 2634 1696 2696 humanas:
1743 2653 1922 2714 posse
1951 2637 2082 2716 ipso
2111 2628 2352 2693 miraculo

408 2719 579 2781 etiam
604 2715 895 2775 Neronem
923 2719 1271 2795 permoveri.
1329 2720 1418 2777 sin
1441 2719 1762 2780 crudelitati
1781 2718 2091 2794 insisteret,
2121 2712 2353 2789 distingui
2433 2790 2435 2793 Α

408 2808 569 2860 certe
599 2799 752 2877 apud
784 2807 1055 2877 posteros
1083 2801 1416 2861 memoriam
1442 2802 1671 2862 honesti
1701 2805 1888 2863 exitus
1917 2801 1989 2863 ab
2019 2803 2244 2879 ignavia
2273 2812 2355 2878 per
2433 2816 2435 2823 ·

342 2898 391 2940 ιο
410 2882 695 2943 silentium
722 2886 1095 2960 pereuntium.
2432 2890 2435 2935 l

504 2966 632 3027 26.
681 2963 895 3053 Contra
932 2969 1025 3045 qui
1072 2969 1490 3047 opperiendum
1532 2969 1722 3032 domui
1767 2968 2111 3046 censebant,
2157 2968 2226 3031 de
2253 2967 2357 3045 ipso
2432 2936 2434 2975 ¹

410 3050 664 3111 Thrasea
700 3048 922 3127 eadem,
960 3049 1064 3110 sed
1094 3051 1341 3114 ludibria
1377 3061 1434 3113 et
1459 3054 1843 3114 contumelias
1877 3054 2201 3113 imminere:
2255 3047 2359 3109 sub·

407 3133 665 3194 traheret
706 3150 877 3193 aures
904 3136 1183 3195 conviciis
1221 3144 1282 3196 et
1321 3136 1571 3216 probris.
1626 3155 1743 3198 non
1781 3138 1968 3198 solum
1995 3136 2362 3197 Cossutianum

409 3226 504 3277 aut
531 3216 768 3296 Eprium
796 3217 868 3278 ad
897 3220 1091 3279 scelus
1122 3229 1455 3299 promptos·
1497 3239 1820 3301 superesse
1853 3224 1950 3300 qui
1991 3222 2233 3283 forsitan
2269 3234 2361 3275 ma·

363 3319 513 3361 snus
558 3302 819 3380 ictusque
864 3320 971 3381 per
1018 3305 1420 3365 immanitatem
1467 3307 1747 3383 ingesturi
1794 3306 1935 3374 sint;
1988 3306 2160 3365 etiam
2203 3304 2361 3363 bonos

403 3392 562 3446 metu
596 3387 781 3463 sequi.
842 3384 1171 3447 detraheret
1200 3390 1394 3468 potins
1434 3391 1693 3464 senatui,
1737 3406 1904 3467 quem
1935 3389 2362 3467 perornavisset,

414 3466 697 3526 infamiam
718 3472 857 3529 tanti
884 3470 1107 3546 flagitii,
1138 3479 1198 3529 et
1222 3472 1581 3550 relinqueret
1601 3474 1879 3532 incertum
1902 3472 2037 3551 quid
2061 3475 2188 3532 viso
2213 3472 2362 3532 Thra-

410 3563 517 3605 sea
544 3566 651 3607 reo
682 3549 969 3612 decreturi
1006 3560 1202 3631 patres
1229 3555 1456 3615 fuerint.
1516 3564 1575 3614 ut
1596 3554 1884 3615 Neronem
1909 3556 2254 3633 flagitiorum
2283 3570 2362 3633 pu·
