2475 4000
672 206 1210 258 COMMENTARIUS
1260 206 1594 260 CRITIOUS.
1970 209 2144 258 mx

99 379 146 430 2
164 411 180 442 ‚
213 375 287 438 56
315 374 369 424 et
396 374 460 438 6,
497 373 568 427 42
615 358 626 446 Ι
679 373 746 426 13
773 367 1020 425 effodere
1060 367 1144 421 R.-
1178 373 1234 421 et
1262 367 1457 424 fodere
1484 384 1560 424 ex
1584 376 1789 439 vetere,
1824 376 1888 426 ut
1912 369 2147 440 videtur,

110 457 402 526 scriptura
435 451 722 507 ecfodere.

290 532 399 608 21,
431 543 465 594 8
492 536 896 606 digressusque
925 535 1034 603 αἱ,
1063 549 1472 606 regressusque
1503 533 1592 590 He
1628 527 1639 613 Ι
1672 538 1861 593 urbem
1891 538 1950 593 Ν
1956 563 1971 592 .·
2002 539 2142 594 urbe

117 628 176 676 et
206 616 426 696 (urbem
454 613 514 674 'et
541 615 651 692 al.)
1466 627 1477 634 ’

285 699 398 775 22,
441 709 477 761 4
505 719 613 759 non
645 702 909 758 infitiatus
947 703 994 757 J
1002 701 1080 758 G.-
1127 702 1261 756 noni
1292 717 1415 757 cum
1444 703 1649 758 lacuna
1678 703 1930 758 tredecim
1957 706 2141 760 litera.-

108 806 241 844 rum
280 781 289 866 Ι
325 795 360 848 8
390 783 481 860 id]
521 787 594 841 sit
630 777 639 864 Ι
680 792 743 845 15
778 787 990 843 Potitus
1017 786 1096 840 L.-
1130 791 1298 857 potus
1336 775 1347 864 Ι
1384 793 1453 845 2ο
1484 785 1615 858 lege
1644 786 1845 842 suillae
2224 841 2231 852 ,

279 867 394 941 23,
437 878 463 928 1
496 871 768 941 Vipstano
797 869 1084 940 Rupertus
1113 866 1234 943 (ep.
1262 874 1341 926 48
1370 871 1448 925 ad
1467 863 1759 942 Reines.):
1801 870 2027 942 uipsana
2063 863 2073 949 Ι
2111 877 2144 931 6

108 953 349 1026 egenam*
395 953 743 1026 Oelsclzlc'iyer
801 945 810 1032 Ι
869 959 904 1013 8
945 954 1355 1023 consanguines
1402 950 1413 1033 Ι
1463 961 1531 1014 12
1573 960 1770 1026 captae
1817 954 2031 1009 civitati
2070 954 2145 1024 H,

104 1040 352 1111 captivis
407 1027 653 1107 Urlichs,
695 1044 856 1109 capta
901 1038 977 1092 sit
1021 1038 1218 1094 civitas
1250 1037 1339 1092 He
1389 1030 1397 1117 Ι
1450 1045 1518 1102 13
1548 1044 1807 1107 senator,
1856 1029 2020 1094 fore?
2052 1031 2145 1113 ΑΙ

105 1127 178 1182 17
211 1130 558 1193 moreretur,
602 1136 703 1176 em.
739 1121 830 1176 Bz
865 1126 917 1175 et
942 1120 1128 1176 Raim.
1163 1121 1433 1194 Seyffert,
1467 1128 1783 1178 moveretur
1808 1122 1855 1176 J
1864 1121 1909 1176 G
1956 1118 1969 1198 Ι
2018 1137 2141 1177 ara:

103 1223 244 1262 arce
275 1206 325 1261 Α
354 1202 496 1280 (non
522 1206 610 1274 H,
648 1211 711 1260 ut
733 1191 888 1260 aiuaeit
914 1197 1206 1278 editores),
1241 1207 1389 1276 quod
1414 1222 1743 1278 quamquam
1771 1219 1899 1260 vere
1927 1219 2148 1260 correc-
2186 1213 2193 1218 '

97 1297 223 1345 tum
251 1291 466 1345 videtur
484 1333 498 1357 ,
538 1304 650 1345 nos
688 1294 870 1343 tamen
901 1291 1072 1343 satius
1105 1290 1364 1344 duximus
1405 1291 1463 1344 in
1500 1291 1615 1345 loco
1648 1285 1984 1345 conclamato
2013 1288 2153 1344 nihil

99 1377 328 1430 omnino
360 1376 666 1429 immutare:
718 1365 1080 1451 fl-manubias
1128 1373 1357 1430 deorum
1396 1373 1652 1446 deripere
1703 1373 1885 1456 conati
1934 1373 2047 1429 sint
2092 1373 2155 1430 N

83 1462 322 1530 partim
353 1474 474 1514 cum
504 1457 570 1514 H

284 1535 401 1611 24,
451 1548 483 1600 5
515 1541 570 1596 in
601 1557 664 1595 re
700 1539 850 1612 publ.
885 1541 1226 1612 capessenda
1258 1541 1371 1596 Hm
1402 1547 1455 1597 et
1494 1541 1589 1597 W.-
1632 1557 1749 1598 rem
1789 1541 2013 1613 publica
2048 1557 2143 1598 ca-

101 1626 393 1697 pessenda
437 1621 584 1699 (rem
631 1624 782 1696 publ.
833 1640 1118 1696 capessam
1151 1620 1259 1697 al.)
1315 1616 1324 1703 Ι
1372 1632 1440 1685 21
1472 1625 1629 1682 dein:
1674 1627 1870 1683 eodem
1910 1626 1988 1680 al.
2026 1616 2037 1702 Ι
2073 1630 2143 1684 22

101 1710 430 1780 mandaret,
461 1725 560 1764 em.
594 1709 640 1763 L
679 1701 689 1786 Ι
725 1713 796 1768 23
822 1724 1020 1765 recens
1050 1709 1154 1775 al.‚
1185 1715 1245 1787 at
1269 1728 1317 1766 v.
1354 1715 1417 1778 6,
1455 1714 1510 1766 7.
1543 1713 1649 1781 15,
1687 1714 1763 1767 68
1800 1701 1811 1788 Ι
1849 1714 1919 1772 24
1949 1709 2095 1766 uulsi
2130 1701 2141 1785 Ι
2260 1751 2268 1764 .
2308 1755 2315 1772 ,

97 1799 179 1852 26
208 1794 484 1864 subimus,
516 1809 628 1848 em.·
652 1793 697 1849 0
784 1809 849 1849 ac
877 1800 1058 1850 tamen
1088 1792 1200 1847 Hm
1213 1807 1243 1848 .·’
1263 1801 1497 1851 attamen

277 1873 388 1948 25,
435 1886 503 1938 10
521 1878 686 1934 'senia
778 1881 845 1936 14
875 1877 1232 1933 exuendi·L.·
1275 1877 1515 1932 exeundi
1554 1869 1565 1954 Ι
1602 1883 1669 1936 16
1704 1878 2015 1933 censorium
2055 1877 2143 1932 Fa

88 1962 484 2035 probabiliter,
527 1978 650 2017 cum
679 1977 857 2034 supra
891 1962 963 2016 sit
997 1961 1174 2016 multo
1198 1961 1405 2031 gaudio
1438 1960 1727 2023 censoris;
1770 1960 1929 2032 infra
1965 1957 2143 2016 tamer't

103 2050 209 2123 ς12,
269 2051 323 2102 4.
347 2049 507 2102 etiam
552 2046 795 2101 Vitellius
844 2060 1042 2100 censor
1079 2046 1409 2100 nominatur.
1460 2034 1471 2121 Ι
1522 2048 1586 2104 17
1628 2043 1765 2115 fort.
1814 2043 2085 2117 permixta
2131 2037 2141 2118 Ι

95 2130 432 2201 uipsanius,
471 2146 572 2184 em.
607 2129 770 2202 Ryclc
819 2120 830 2208 Ι
877 2132 946 2187 22
980 2128 1386 2205 quinquagiens
1426 2133 1737 2198 nongenta:
1778 2126 1985 2183 Lv1111.
2021 2128 2143 2183 cod.

103 2210 270 2287 (edd.
295 2211 494 2265 habent
523 2213 916 2284 quinquaginta
949 2228 1148 2268 novem
1179 2206 1444 2283 centena)
1484 2202 1494 2289 Ι
1531 2217 1597 2271 25
1631 2213 1859 2270 adactus
1890 2218 1983 2267 est
2004 2211 2065 2267 Ν

282 2288 396 2368 26,
438 2303 468 2354 1
513 2292 646 2350 Nam
685 2298 818 2351 mal.
861 2295 1091 2352 Belclcer
1137 2287 1148 2373 Ι
1199 2295 1605 2366 adulterorum,
1660 2295 1810 2369 quod
1843 2298 1925 2353 sic
1962 2303 2143 2353 tuetur

102 2381 214 2437 Fr.
250 2378 426 2433 Jacob
471 2376 569 2447 ΙΙ,
622 2381 690 2431 3.·
749 2375 896 2435 ‘Hic
935 2380 1166 2436 hominis
1205 2385 1493 2447 naturam,
1546 2396 1657 2436 non
1700 2394 1817 2435 rem
1858 2382 1918 2436 in
1967 2382 2147 2436 Taciti

103 2469 285 2518 mente
307 2462 488 2534 fuisse
516 2466 568 2515 et
599 2465 863 2532 proxima
895 2463 1018 2519 Silii
1040 2466 1285 2536 plurima
1316 2466 1509 2519 mentio
1541 2464 1746 2519 indicat
1772 2470 1823 2519 et
1854 2463 2141 2520 facilitatis

105 2560 323 2603 nomen.
384 2545 661 2601 Homines
681 2546 824 2599 enini
852 2548 1046 2603 faciles
1077 2556 1208 2604 sunt
1244 2548 1323 2602 ad
1358 2548 1627 2603 libidinem
1668 2549 1784 2602 eius
1812 2548 2143 2617 eoeplendam

92 2632 380 2705 proclives
433 2636 486 2685 et
533 2634 726 2699 sponte
773 2638 1120 2687 occurrentes
1130 2656 1148 2695 ;
1202 2648 1325 2688 eam
1373 2646 1503 2688 vero
1542 2632 1757 2701 copiam
1802 2633 1983 2701 ipsam
2038 2633 2142 2689 ista

100 2715 400 2788 fastidiens
441 2730 639 2769 rarum
679 2713 885 2785 aliquid
916 2718 1236 2785 exquirebat
1280 2723 1333 2775 et
1373 2716 1621 2771 inaudita
1654 2730 1841 2770 secum
1872 2730 2142 2771 ausurum

107 2796 528 2871 coniuyem.'
584 2789 595 2876 Ι
647 2806 680 2857 5
724 2797 1118 2869 opperirentur
1162 2803 1237 2858 al.
1281 2801 1553 2856 Lectionis
1602 2800 1955 2872 opperiretur
2002 2799 2142 2855 haec

108 2885 376 2939 sententia
418 2882 630 2937 videtur
643 2907 658 2937 .-
709 2898 820 2937 non
871 2891 934 2937 eo
975 2888 1184 2938 ventum
1233 2889 1296 2939 ut
1344 2889 1669 2941 senectutem
1717 2883 1995 2956 princepis
2042 2884 2146 2941 sibi
2248 2890 2257 2895 ·

111 2968 300 3023 liceret
348 2967 598 3039 opperiri
618 3008 633 3033 ‚
677 2968 728 3021 ιε’.
772 2980 819 3022 e.
873 2966 1096 3021 nimium
1146 2966 1375 3039 facinus
1422 2983 1483 3024 se
1530 2968 1813 3024 admisisse
1866 2977 2035 3041 quam
2084 2973 2145 3023 ut

116 3056 440 3127 senectutem
463 3051 736 3123 principis
763 3055 1093 3122 exspectare
1108 3058 1316 3122 posset.
1354 3045 1364 3130 Ι
1401 3057 1433 3112 7
1462 3053 1620 3125 paria
1648 3053 1737 3109 Pu
1751 3078 1766 3107 .·
1796 3050 1975 3125 patria
2050 3049 2059 3063 “

275 3130 390 3205 27,
425 3142 452 3194 1
483 3138 634 3189 tanto
666 3136 832 3191 nullis
873 3126 882 3190 Ι
918 3140 956 3193 4
982 3135 1137 3191 velut
1161 3137 1287 3191 incl.
1326 3136 1383 3193 N
1406 3142 1459 3191 et
1471 3138 1645 3209 paulo
1668 3142 1799 3209 post
1824 3152 1947 3192 cum
1988 3138 2137 3194 Wal-

109 3220 260 3277 thero
296 3219 519 3279 audisse
573 3210 583 3297 Ι
634 3224 667 3279 6
706 3218 966 3292 nupsisse
1007 3222 1150 3275 coni.
1180 3219 1257 3292 L,
1302 3222 1509 3301 templa
1548 3220 1897 3283 subisse·H,·
1932 3223 1985 3276 si
2010 3222 2143 3293 quid

107 3304 471 3379 supplendum
503 3307 606 3374 est,
645 3305 830 3359 malim
859 3304 1081 3360 subisse
1114 3306 1274 3361 aedis
1304 3306 1390 3360 vel
1414 3305 1572 3360 aedis
1607 3304 1794 3360 adisse
1839 3350 1845 3357 .

211 3416 216 3421 ·
275 3382 392 3459 28,
445 3392 480 3444 2
515 3392 840 3443 neterentur
889 3376 900 3466 Ι
955 3393 992 3446 4
1041 3388 1395 3445 insultaverit
1444 3388 1751 3459 Bipontini:
1810 3389 2134 3447 exultabero

113 3466 512 3549 (exsultaverit
553 3468 858 3527 Salmasius
909 3473 964 3527 et
1005 3472 1082 3538 G,
1135 3472 1539 3547 persultaverit
1594 3473 1709 3537 Fr„
1748 3472 1979 3547 Medici,
2033 3490 2134 3529 ex·
2210 3522 2219 3531 .
