2475 4000
405 223 441 283 4
868 279 873 284 ,
908 229 1240 277 CORNELII
1271 229 1503 278 TAGITI
1527 228 1892 276 ANNALIUM
1917 247 1922 258 ·

403 388 664 445 vinxerat
692 384 864 459 adeo,
894 385 972 443 uti
999 361 1270 462 nepotem
1299 385 1540 467 unicum,
1574 381 1891 460 Agrippam
1921 381 2300 459 Postumum,
2357 381 2428 441 in

406 468 643 528 insulam
675 467 992 528 Planasiam
1026 468 1362 545 proiecerit,
1393 466 1587 525 rudem
1616 473 1754 526 sane
1789 464 2064 524 bonarum
2090 467 2320 524 artium
2357 475 2430 524 et

336 550 618 618 2orobore
651 553 914 629 corporis
945 550 1156 610 stolide
1190 549 1500 626 ferocem,
1529 549 1738 608 nullius
1769 557 1958 608 tamen
2000 549 2200 625 flagitii
2257 565 2424 608 con-

5 654 281 724 malfa!
404 643 657 714 pertum‘
718 643 777 693 at
819 634 1057 694 hercule
1110 633 1505 694 Germanicum
1553 632 1744 691 Druso
1809 641 1992 692 ortum
2042 640 2180 690 octo
2239 633 2424 710 apud

30 749 69 762 s
403 717 661 776 Rhenum
692 717 1019 795 legionibus
1046 719 1298 795 inposuit
1333 717 1657 795 adscirique
1689 734 1794 794 per
1823 715 2196 793 adoptionem
2227 733 2268 774 a
2309 715 2421 774 Τί-

404 801 571 860 berio
597 801 793 876 iussit,
826 797 1171 880 quamquam
1202 810 1361 861 esset
1389 802 1444 860 in
1487 799 1655 860 domo
1686 798 1922 858 Tiberii·
1946 799 2096 858 filius
2127 799 2416 874 iuvenis,

74 921 121 980 I
162 885 377 967 gsssgm,
406 883 511 944 sed
536 899 649 961 quo
680 881 936 960 pluribus
957 886 1312 943 munimentis
1341 885 1648 963 insisteret.
1705 883 1920 942 bellum
1943 900 2012 941 ea
2033 890 2418 960 tempestate

5 955 50 980 '⁸
90 971 124 1022 Σ
167 961 185 982 ⁴
336 987 391 1028 25
410 967 617 1026 nullum
639 967 759 1023 nisi
799 963 1072 1026 adversus
1103 966 1414 1028 Germanos
1456 962 1792 1045 supererat,
1838 964 2160 1025 abolendae
2200 967 2418 1042 magis

408 1049 669 1110 infamiae
701 1047 776 1107 ob
812 1049 1078 1108 amissum
1109 1069 1232 1110 cam
1265 1051 1536 1124 Quintilio
1557 1050 1715 1111 Varo
1740 1051 2054 1109 exercitum
2085 1066 2258 1126 quam
2301 1067 2414 1108 cu·

148 1203 163 1214 κ
406 1133 598 1212 pidine
626 1131 959 1211 proferendi
990 1132 1217 1208 imperii
1243 1145 1336 1194 aut
1362 1135 1588 1212 dignum
1615 1133 1690 1192 ob
1721 1133 2051 1210 praemium.
2105 1132 2267 1192 domi
2301 1151 2417 1191 res

70 1245 115 1272 m
194 1227 219 1330 J
405 1215 782 1294 tranquillae,
841 1215 1043 1275 eadem
1092 1213 1512 1292 magistratuum
1569 1216 1884 1284 vocabula3
1937 1217 2192 1275 iuniores
2255 1226 2416 1293 post

21 1291 177 1377 {'³}'¹'·
278 1350 283 1358 .
408 1300 701 1359 Actiacam
738 1299 1088 1374 victoriam,¹
1112 1301 1280 1357 etiam
1312 1318 1480 1359 senes
1511 1301 1774 1379 plerique
1802 1301 1948 1358 inter
1993 1299 2145 1359 bella
2179 1300 2412 1358 civium

18 1379 27 1407 ³
104 1374 159 1440 ἔα
194 1381 263 1451 -Ji
340 1383 554 1446 eonati:
588 1391 797 1458 quotus
826 1383 1066 1459 quisque
1100 1381 1356 1458 reliquus
1385 1383 1626 1458 quirem
1650 1383 1936 1462 publicam
1972 1379 2260 1443 vidisset?

140 1482 154 1492 ⁹
526 1466 586 1524 4.
631 1462 809 1539 Igitur
838 1480 1011 1524 verso
1046 1463 1290 1522 civitatis
1320 1473 1467 1523 statu
1497 1466 1630 1524 nibil
1657 1484 1890 1544 usquam
1921 1467 2097 1544 prisci
2145 1475 2207 1525 et
2243 1467 2405 1525 inte-

408 1547 498 1624 gri
530 1547 738 1605 moris:
773 1563 970 1606 omnes
996 1535 1173 1606 exuta
1197 1546 1544 1623 aequalitate
1572 1548 1726 1606 iussa
1751 1551 2024 1628 principis
2054 1558 2402 1626 aspectare,

408 1617 566 1691 null'd
592 1631 650 1689 in
680 1646 957 1707 praesens
990 1629 1314 1704 formidine,
1346 1629 1474 1688 dum
1504 1629 1798 1707 Augustus
1824 1643 2011 1692 aetate
2038 1632 2268 1692 validus
2283 1639 2400 1692 ‘se-

410 1732 523 1792 que
552 1721 611 1772 et
641 1712 867 1772 domum
904 1722 962 1772 et
991 1731 1191 1793 pacem
1224 1715 1582 1773 sustentavit.
1631 1722 1933 1792 postquam
1969 1725 2249 1792 provecta
2277 1718 2400 1776 iam

362 1816 386 1854 5
411 1804 681 1854 senectus
710 1813 891 1872 aegro
924 1806 983 1856 et
1016 1815 1267 1875 corpore
1297 1796 1982 1875 fatigabatur-›aderatque
2011 1799 2132 1857 linis
2158 1808 2221 1858 et
2245 1819 2398 1878 spes

412 1895 617 1955 novae,
652 1881 819 1957 pauci
854 1879 1005 1941 bona
1035 1881 1318 1957 libertatis
1349 1881 1404 1939 in
1430 1899 1652 1941 cassum
1685 1880 1996 1955 disserere,
2033 1882 2230 1958 plures
2261 1883 2398 1943 bel-

178 2024 185 2032 ,
257 2034 264 2047 .
410 1964 523 2024 lum'
554 1980 906 2044 pavescere,
950 1965 1044 2027 alii
1092 1983 1330 2044 cupere.
1389 1983 1524 2043 pars
1565 1964 1740 2026 multo
1785 1965 2024 2043 maxima
2065 1966 2400 2027 inminentis

176 2040 383 2117 'Qu-'u
412 2048 687 2107 dominos·
714 2050 885 2108 variis
925 2049 1247 2109 rumoribus
1297 2048 1668 2121 differebant:
1715 2057 1932 2108 trucem
1971 2047 2290 2129 Agrippam
2337 2062 2402 2111 et

412 2110 717 2208 ignominia
756 2148 1060 2193 accensum
1112 2151 1227 2193 non
1289 2141 1476 2193 aetate
1530 2150 1719 2210 neque
1777 2150 1966 2191 rerum
2025 2124 2408 2208 experientia*

346 2234 395 2275 10
413 2222 601 2273 tantae
640 2215 776 2274 moli
809 2232 1022 2292 parem,
1062 2214 1354 2277 Tiberium
1393 2214 1683 2276 Neronem
1717 2224 1990 2275 maturum
2021 2216 2214 2291 annis,
2251 2235 2398 2295 spe-

72 2203 82 2214 «
126 2200 131 2209 ·
149 2200 193 2223 μ,
206 2191 267 2220 vs}

9 2301 20 2320 ¹
60 2276 77 2309 ⁵
132 2292 174 2316 Λ*
416 2304 621 2355 etatum
654 2296 835 2374 helle,
868 2308 961 2359 set
990 2309 1190 2358 vetere
1214 2309 1387 2377 atque
1413 2301 1582 2359 insita
1608 2297 1880 2359 Claudiae
1910 2298 2154 2358 familiae
2177 2316 2396 2377 super-

16 2391 93 2426 2-1·
243 2389 258 2436 ’,
413 2364 528 2470 bia,
567 2380 854 2459 multaque
882 2382 1089 2442 indicia
1124 2386 1420 2458 saevitiae,
1451 2400 1788 2461 quamquam
1815 2392 2159 2461 premantur,
2195 2375 2395 2442 ‘e'rum-

9 2486 85 2553 r3s
150 2486 161 2507 ·-
220 2492 251 2521 ιε
412 2463 575 2541 pere.
637 2464 785 2525 hunc
817 2474 875 2525 et
907 2467 1085 2544 prima
1114 2465 1185 2524 ab
1206 2466 1726 2528 infantiaaeductum
1748 2467 1805 2525 in
1828 2466 1996 2525 domo
2021 2468 2396 2541 regnatriceg

414 2556 728 2624 congestos
758 2550 946 2609 iuveni
980 2548 1334 2625 consulatus,
1367 2549 1707 2627 triumphos3
1747 2567 1819 2609 ne
1851 2551 1918 2610 iis
1949 2549 2174 2628 quidem
2199 2552 2396 2626 annis,

344 2648 395 2691 15
414 2631 615 2708 quibus
647 2630 833 2692 Rhodi
868 2633 1069 2710 specie
1105 2648 1378 2699 secessus
1404 2633 1543 2697 ‚exul
1575 2633 1781 2710 egerit,
1813 2633 2023 2711 aliquid
2050 2650 2212 2710 quam
2245 2635 2396 2693 iram

413 2724 469 2773 et
499 2714 912 2773 simulationem
950 2724 1008 2774 et
1051 2723 1312 2774 secretas
1354 2714 1638 2775 lubidines
1682 2716 2025 2777 meditatum.
2093 2717 2396 2777 accedere

194 2807 316 2872 „5²
410 2797 934 2857 matrem-muliebri
972 2800 1316 2876 inpotentia:
1358 2800 1718 2859 serviendum
1758 2798 2003 2859 feminae
2043 2798 2394 2878 duobusque

9 2942 12 2951 ,
410 2877 645 2959 insuper
670 2879 1165 2957 adulescentibus}
1216 2884 1311 2959 qui
1352 2901 1472 2943 rem
1510 2882 1797 2962 publicam
1839 2884 2059 2943 interim
2101 2893 2390 2961 premant,

10 2960 12 2963 ⁴
71 2988 134 3017 a„
414 2963 757 3041 quandoque
788 2962 1117 3025 distrahant.

536 3048 595 3106 5.
634 3044 793 3105 Haec
824 3054 991 3123 atque
1024 3048 1157 3107 talia
1192 3048 1532 3125 agitantibus
1571 3066 1922 3126 gravescere
1962 3048 2232 3108 valetudo
2265 3048 2388 3107 Au·

410 3128 583 3207 gusti,
618 3136 676 3187 et
712 3129 937 3206 quidam
964 3130 1158 3191 scelus
1187 3134 1386 3191 uxoris
1433 3131 1861 3210 suspectabant.
1929 3134 2145 3210 quippe
2191 3149 2391 3191 rumor

411 3214 764 3287 incesserat,
790 3230 1019 3289 paucos
1051 3222 1181 3273 ante
1221 3234 1450 3276 menses
1492 3214 1841 3294 Augustum,
1883 3216 2090 3275 electis
2131 3216 2388 3274 consciis

416 3303 475 3353 et
510 3296 718 3355 comite
748 3312 857 3354 uno
888 3294 1067 3357 Fabio
1100 3296 1368 3373 Maximo,
1401 3298 1718 3358 Planasiam
1745 3308 1972 3359 vectum
1995 3298 2066 3358 ad
2086 3298 2386 3358 visendum

256 3440 268 3449 .
363 3383 391 3423 ⁵
415 3376 759 3455 Agrippam;
784 3380 1005 3441 multas
1046 3381 1167 3443 illic
1200 3384 1478 3459 utrimque
1525 3382 1788 3442 lacrimas
1827 3391 1888 3441 et
1931 3383 2096 3459 signa
2127 3383 2384 3447 caritatis

414 3476 693 3538 spemque
732 3481 807 3523 ex
849 3481 921 3523 eo
970 3465 1099 3525 fore
1148 3474 1207 3525 ut
1249 3466 1466 3527 iuvenis
1523 3466 1822 3543 penatibus
1869 3466 1958 3525 avi
2005 3466 2379 3527 redderetur:

1004 3672 1028 3689 t·

540 3702 563 3726 4
614 3693 649 3741 λη
695 3718 736 3744 ..ι
760 3721 774 3747 l
798 3716 805 3724 ,
852 3727 860 3747 ι
924 3705 945 3726 ,3
993 3702 1019 3735 κ’.
1046 3696 1100 3729 '4
1129 3704 1199 3735 :yx
1228 3710 1255 3730 a.
1280 3718 1321 3733 μ-
1345 3708 1358 3728 ⁸
1391 3709 1415 3725 α·
1441 3704 1526 3737 a&
1564 3736 1576 3757 Ι
1625 3680 1678 3736 [Α
1769 3694 1861 3739 ‘feru
1933 3705 1963 3739 s*
1997 3696 2076 3739 Α]
2101 3673 2294 3775 “fta-edas
