2475 4000
351 194 438 255 ’14
889 201 1224 249 οοΒΝΕιιι
1254 201 1491 249 'mom
1515 201 1885 249 Amanum
1952 180 1957 188 “
1996 258 2005 277 Ι

253 386 266 395 ·
359 357 744 433 conscientia,
787 365 878 415 est
907 353 1177 417 Caesaris
1220 340 1421 430 favor,
1465 355 1571 415 sed
1610 356 1665 413 in
1710 355 1973 423 occulto;
2018 363 2083 413 et
2124 354 2363 433 perisse
2470 338 2472 345 ¹

359 440 757 501 Germanicum
783 439 922 499 nulli
951 441 1255 529 iactantius
1284 449 1545 501 maerent
1588 456 1755 516 quam
1796 440 1892 517 qui
1938 439 2194 498 maxime
2242 438 2361 498 lae-

357 532 562 584 tantur.
579 528 601 557 ⁹

479 606 577 673 78.
621 605 782 667 Haud
817 623 1023 684 magna
1051 607 1204 667 mole
1235 605 1393 680 Piso,
1428 612 1728 683 promptus
1754 604 2089 680 ferocibus,
2132 606 2201 663 in
2230 622 2361 663 sen·
2473 666 2474 671 ,

356 692 587 752 tentiam
615 690 854 751 trahitur
879 689 1184 769 missisque
1213 681 1287 751 ad
1316 688 1605 751 Tiberium
1644 688 1911 766 epistulis
1946 689 2187 748 incusat
2220 687 2361 747 Ger·

345 776 635 835 ‚manicam
665 775 834 834 luxus
865 782 925 833 et
953 773 1295 851 superbiam
1326 790 1513 850 seque
1544 772 1767 851 pulsum
1787 816 1805 847 ‚
1856 781 1917 830 ut
1959 772 2127 832 locus
2180 772 2361 831 rebus
2473 758 2474 809 i

355 860 522 919 novis
552 858 880 938 patefieret,
916 874 1110 916 curam
1137 858 1431 917 exercitus
1460 856 1663 917 eadem
1694 856 1804 916 fide
1840 873 1957 932 qua
1984 858 2245 916 tenuerit
2264 874 2361 915 re·
2473 862 2474 867 ’

301 962 332 1002 5
357 944 656 1021 petivisse.
725 940 890 1000 simul
937 938 1246 1000 Domitium
1286 942 1594 1019 inpositum
1634 940 1851 999 triremi
1893 940 2079 1000 vitare
2122 938 2365 999 litorum

355 1044 514 1085 oram
544 1034 895 1104 praeterque
933 1024 1148 1084 insulas
1191 1024 1309 1085 lato
1339 1026 1482 1083 mari
1524 1041 1777 1102 pergere
1816 1025 1875 1082 in
1907 1024 2131 1082 Suriam
2176 1023 2360 1083 iubet.

355 1118 770 1169 concurrentes
797 1109 1132 1170 desertores
1165 1126 1275 1187 per
1302 1107 1622 1185 manipulos
1654 1108 1961 1185 conponit,
1992 1114 2182 1166 armat
2210 1106 2361 1166 lixas

353 1195 729 1270 traiectisque
771 1194 830 1252 in
859 1193 1244 1253 continentem
1274 1191 1514 1251 navibus
1554 1190 1829 1251 vexillum
1868 1192 2115 1250 tironum
2160 1192 2221 1249 in
2252 1190 2361 1249 Su-

353 1279 494 1337 riam
527 1278 773 1336 euntium
810 1278 1134 1354 intercipit,
1167 1276 1389 1353 regulis
1422 1272 1665 1335 Cilicum
1706 1282 1767 1333 ut
1810 1292 1876 1333 se
1923 1274 2154 1334 auxiliis
2200 1276 2358 1333 iuva-

287 1383 338 1423 10
356 1368 482 1418 rent
522 1359 756 1434 scribit,
799 1359 948 1419 haud
987 1361 1196 1436 ignavo
1229 1359 1301 1420 ad
1328 1359 1640 1420 ministeria
1678 1358 1821 1417 belli
1862 1358 2071 1417 iuvene
2116 1358 2355 1433 Pisone,

354 1459 694 1519 quamquam
719 1444 1144 1519 suscipiendum
1167 1442 1383 1507 bellum
1412 1441 1728 1502 abnuisset.

478 1526 578 1584 79.
622 1524 802 1601 Igitur
831 1542 989 1585 oram
1015 1526 1229 1600 Lyciae
1268 1544 1337 1585 ac
1360 1525 1731 1604 Pamphyliae
1764 1524 2223 1603 praelegentes,
2254 1525 2354 1585 ob·

353 1610 462 1668 viis
504 1608 746 1668 navibus
789 1625 935 1685 quae
993 1607 1369 1687 Agrippinam
1417 1608 1738 1683 vehebant,
1804 1608 2089 1686 utrimque
2140 1609 2355 1671 infensi

353 1710 509 1752 arma
535 1693 720 1769 primo
749 1692 1100 1770 expediere:
1149 1692 1281 1751 dein
1324 1702 1514 1753 mutua
1556 1692 1861 1752 formidine
1902 1708 2017 1751 non
2061 1690 2217 1752 ultra
2246 1694 2355 1752 iur-

353 1776 507 1851 gium
537 1792 880 1853 processum
913 1784 1032 1850 est,
1075 1773 1417 1854 Marsusque
1452 1775 1657 1835 Vibius
1700 1776 1974 1835 nuntiavit
2007 1774 2207 1835 Pisoni
2238 1776 2352 1837 Ro·

241 1886 257 1895 -
301 1872 329 1916 5
351 1876 496 1918 mam
525 1858 598 1919 ad
629 1858 928 1919 dicendam
957 1876 1187 1921 causam
1217 1862 1459 1921 veniret.
1520 1860 1621 1919 ille
1654 1860 1897 1920 eludens
1924 1860 2235 1937 respondit
2256 1861 2352 1920 ad-

351 1942 628 2020 futurum,
661 1943 756 2004 ubi
788 1954 1052 2024 praetor,
1087 1945 1182 2022 qui
1217 1944 1291 2004 de
1322 1942 1619 2005 veneficiis
1650 1952 1991 2023 quaereret,
2036 1960 2143 2002 reo
2176 1952 2355 2022 atque

353 2029 787 2089 accusatoribus
823 2029 974 2089 diem
1015 2028 1387 2106 prodixisset.
1444 2029 1669 2087 interim
1704 2024 1987 2087 Domitius
2020 2026 2355 2088 Laodiciam

351 2111 552 2171 urbem
586 2113 788 2171 Suriae
825 2112 1122 2190 adpulsus,
1155 2130 1283 2172 cum
1312 2112 1551 2172 hiberna
1588 2122 1791 2171 sextae
1821 2111 2069 2188 legionis
2095 2121 2353 2188 peteret,

353 2195 506 2271 quod
543 2211 669 2253 eam
699 2196 944 2254 maxime
971 2197 1138 2255 novis
1169 2196 1427 2256 consiliis
1457 2195 1721 2256 idoneam
1745 2194 2000 2270 rebatur,
2032 2212 2065 2252 a
2096 2195 2351 2255 Pacuvio

285 2299 335 2338 10
355 2277 551 2352 legato
583 2279 970 2355 praevenitur.
1036 2279 1094 2339 id
1123 2281 1355 2340 Sentius
1385 2278 1577 2339 Piso-ni
1608 2297 1715 2358 per
1758 2272 1962 2339 literas'
1994 2280 2191 2355 aperit
2234 2297 2353 2339 mo-

353 2368 566 2437 netque
599 2379 671 2420 ne
709 2370 898 2423 castra
929 2363 1389 2440 corruptoribus,
1415 2380 1488 2422 ne
1514 2363 1871 2441 provinciam
1896 2361 2055 2421 bello
2084 2371 2351 2441 temptet.

353 2459 616 2522 quosque
649 2443 970 2506 Germanici
1005 2463 1295 2506 memores
1323 2454 1419 2508 aut
1445 2448 1688 2506 inimicis
1718 2448 1843 2505 eius
1878 2445 2167 2506 adversos
2214 2464 2351 2524 cog·

349 2537 623 2604 noyerat,
671 2530 987 2604 contrahit,
1031 2531 1476 2606 magnitudinem
1520 2531 1883 2610 imperatoris
1924 2529 2243 2590 identidem
2270 2534 2352 2590 in-

349 2629 562 2687 gerens
595 2621 656 2671 et·
675 2629 794 2673 rem
825 2611 1112 2691 publicam
1142 2615 1315 2672 armis
1352 2615 1504 2693 peti;
1539 2613 1807 2692 ducitque
1838 2613 2091 2674 validam
2122 2631 2357 2675 manum

282 2709 330 2748 15
351 2703 410 2752 et
441 2696 668 2773 proelio
701 2705 974 2773 paratam.

471 2779 572 2840 80.
616 2778 744 2838 Nec
775 2778 942 2853 Piso,
981 2797 1317 2859 quamquam
1352 2790 1565 2862 coepta
1598 2798 1770 2840 secus
1799 2781 2119 2858 cadebant,
2152 2783 2357 2842 omisit

344 2863 622 2922 tutissima
655 2881 687 2921 e
719 2863 1145 2940 praesentibus,
1177 2864 1284 2924 sed
1316 2861 1620 2925 castellum
1648 2863 1890 2925 Ciliciae
1912 2867 2201 2925 'munitum
2250 2867 2355 2926 ad-

343 2945 592 3022 modum,
626 2948 720 3004 cui
752 2962 960 3005 nomen
990 2944 1315 3024 Celendris,
1348 2957 1628 3027 occupat;
1672 2965 1799 3009 nam
1844 2949 2113 3010 admixtis
2140 2950 2355 3010 deser-

345 3029 566 3089 toribus
603 3037 662 3088 et
688 3030 873 3088 tirone
906 3048 1089 3109 nuper
1117 3033 1445 3110 intercepto
1487 3034 1725 3111 suisque
1770 3042 1829 3092 et
1866 3032 2179 3093 Plancinae
2224 3053 2353 3094 ser·

294 3129 321 3167 5
346 3114 497 3172 vitiis
529 3111 740 3171 auxilia
772 3110 1032 3191 Cilicum,
1067 3133 1216 3193 quae
1248 3116 1440 3193 reguli
1470 3117 1775 3192 miserant,
1820 3117 1879 3175 in
1920 3134 2223 3177 numerum
2264 3117 2354 3177 le·

346 3197 534 3272 gionis
567 3207 990 3276 composuerat.
1055 3198 1444 3277 Caesarisque
1476 3217 1543 3258 se
1570 3199 1825 3277 legatum
1854 3200 2178 3261 testabatur
2208 3218 2353 3280 pro-

341 3281 563 3353 vincia,
616 3297 784 3357 quam
835 3282 884 3340 is
932 3282 1226 3358 dedisset,
1278 3284 1465 3342 arceri
1506 3299 1621 3342 non
1668 3301 1701 3343 a
1741 3283 2070 3361 legionibus
2116 3285 2357 3362 (earum

343 3363 558 3440 quippe
599 3365 785 3424 accitu
827 3368 1090 3445 venire),
1135 3367 1243 3426 sed
1288 3384 1321 3424 a
1366 3367 1565 3432 Sentio
1610 3368 1894 3445 privatum
1936 3367 2130 3428 odium
2178 3368 2358 3429 falsis

342 3446 666 3512 criminibus
695 3457 952 3526 tegente.
1009 3449 1402 3509 consisterent
1428 3451 1486 3509 in
1514 3452 1673 3529 acie,
1706 3467 1822 3510 non
1863 3452 2207 3530 pugnaturis
2248 3454 2355 3514 mi-
