2475 4000
450 219 663 266 LIBER
691 219 823 266 XIII
854 217 1003 266 OAP.
1038 217 1353 270 58—L113.
1381 219 1524 266 XIV.
1553 219 1702 268 CAP.
1728 221 1779 271 1.
2035 208 2167 272 253

216 383 345 426 mat.
410 373 499 426 31.
547 373 699 425 Iceni
724 373 977 424 Boudicca
1012 373 1139 424 duce
1177 383 1225 423 et
1262 373 1597 424 Trinobantes
1625 374 1883 426 rebellant.
1947 375 2032 428 32.
2067 377 2166 429 Ca·
2258 427 2266 435 ,

217 445 560 496 mulodunum
595 450 923 508 expugnant,
962 443 1207 492 Petilium
1224 442 1470 493 Cerialem
1494 457 1606 492 cum
1642 457 1776 492 nona
1813 444 2015 510 legione
2045 445 2166 496 fun-

219 515 366 566 dunt.
408 511 495 564 33.
527 513 575 560 A
600 511 840 561 Suetonio
864 511 1119 561 desertum
1146 511 1454 561 Londinium
1479 520 1528 562 et
1557 511 1904 561 Verulamium
1923 514 2165 579 spoliant,

220 584 364 632 cives
415 589 463 630 ct
509 581 674 630 socios
710 580 1050 630 Romanorum
1092 580 1359 640 trucidant.
1420 578 1642 631 34—37.
1679 577 1984 630 Boudiccam
2028 583 2164 633 fero-

221 654 445 700 cientem
470 657 677 714 superat
699 647 985 698 Suetonius.
1040 649 1159 714 Ipsa
1181 663 1379 698 veneno
1398 649 1556 698 vitam
1582 647 1710 698 finit.
1719 649 1960 699 Poenius
1981 633 2166 702 Postu-

219 734 342 769 mus
372 717 547 784 gladio
577 733 633 767 se
660 717 913 782 transigit.
975 715 1061 768 38.
1094 717 1438 768 classicianus
1463 716 1704 768 Suetonio
1729 718 1927 768 discors
1949 734 2032 769 res
2055 727 2164 770 tur-

220 790 330 838 bat.
388 787 476 839 39.
508 786 699 838 Missus
726 783 1001 850 Polyclitus
1024 785 1252 836 hostibus
1280 793 1356 837 est
1379 787 1568 836 irrisui.
1629 785 1866 838 Suetonio
1896 786 2162 840 Petronius

218 858 551 922 Turpilianus
576 868 841 912 successor
869 855 1035 905 datus.
1083 904 1089 908 ,

322 925 407 978 40.
439 925 528 974 41.
563 923 634 974 Ob
666 923 850 973 falsum
878 931 1233 973 testamentum
1259 924 1498 973 damnati.
1556 925 1640 973 42.
1693 923 1944 974 Pedanius
1973 903 2162 974 Secun-

220 995 321 1044 dus
349 994 493 1042 urbis
517 991 805 1058 praefectus
832 1007 863 1041 a
888 993 1051 1041 servis
1078 1007 1274 1042 caesus.
1327 991 1405 1050 43
1424 991 1574 1042 45.
1605 995 1662 1042 Ιιι
1687 1006 1774 1042 eos
1797 993 1912 1058 lege
1945 993 2033 1058 agi
2055 993 2163 1042 vult

218 1063 276 1112 C.
307 1062 533 1121 Cassius,
569 1070 618 1110 et
648 1069 822 1110 contra
858 1060 1072 1110 aliorum
1096 1061 1397 1110 sententiam
1434 1061 1642 1110 obtinet.
1691 1061 1941 1126 Populum
1963 1061 2162 1127 suppli-

220 1133 303 1180 cio
325 1131 633 1180 renitentem
648 1129 780 1178 Nero
809 1129 1052 1194 increpat
1089 1129 1175 1181 46.
1200 1128 1487 1193 Tarquitius
1504 1129 1708 1179 Priscus
1725 1129 2009 1183 damnatus.
2032 1129 2162 1180 Gen-

218 1215 312 1252 sus
338 1214 431 1265 per
456 1197 643 1248 Gallias
666 1205 841 1249 actus.·
860 1197 945 1247 47.
972 1198 1107 1248 Mors
1134 1206 1183 1246 et
1201 1198 1314 1247 laus
1336 1197 1558 1246 Memmii
1568 1197 1766 1263 Reguli.
1796 1197 1882 1248 48.
1912 1187 2161 1250 Antistius

218 1267 504 1318 maiestatis
530 1265 743 1325 delatus,
792 1265 876 1316 49.
918 1281 949 1314 a
974 1265 1195 1316 Thrasea
1229 1264 1490 1320 defensus,
1536 1263 1620 1315 50.
1664 1266 1921 1316 Fabricius
1945 1267 2162 1316 Veiento

220 1336 511 1387 calumniae
530 1350 649 1384 reus
675 1334 817 1384 Italia
837 1334 1058 1400 pellitur.
1096 1335 1181 1384 51.
1204 1335 1352 1384 Burri
1375 1349 1529 1393 mors,
1557 1334 1693 1396 laus,
1711 1348 2031 1385 successores
2054 1335 2162 1384 Ru·-

222 1405 308 1456 fus
352 1411 401 1454 et
446 1403 745 1467 Tigellinus.
788 1403 935 1452 52-
948 1403 1032 1454 56.
1068 1402 1452 1454 Criminationes
1491 1402 1740 1454 discutere
1775 1412 1922 1469 parat
1969 1403 2164 1454 Seneca

220 1474 360 1540 apud
378 1471 649 1532 Gaesarem
670 1479 720 1520 et
739 1480 1070 1521 commeatum
1087 1472 1241 1536 petit:
1274 1473 1360 1534 qni
1378 1471 1590 1522 subdole
1611 1473 1900 1538 respondet.
1933 1472 2159 1524 57—59.

216 1541 414 1592 Rufum
438 1540 690 1590 imminuit
713 1539 1022 1606 Tigellinus,
1050 1541 1229 1591 Plauto
1267 1548 1317 1590 et
1344 1539 1514 1590 Sullae
1541 1541 1824 1607 periculum
1857 1544 2038 1593 stmit.
2072 1556 2161 1592 eos
2247 1586 2256 1600 ,

214 1609 482 1676 opprimit.
530 1607 616 1660 60.
658 1607 791 1658 Nero
826 1608 975 1659 ducta
1012 1609 1252 1675 Poppaea
1285 1603 1540 1659 Octaviam
1575 1610 1823 1661 amolitur.
1875 1611 2004 1660 Tum
2032 1610 2164 1660 hanc

218 1687 444 1738 revocat,
474 1675 558 1727 61.
586 1677 801 1726 laetante
829 1678 1039 1743 populo.
1092 1677 1358 1744 Poppaeae
1385 1692 1506 1728 mox
1528 1677 1692 1729 honos
1720 1681 1991 1744 repositus.
2037 1679 2162 1728 Eius
2230 1679 2234 1684 ’

220 1747 343 1798 doli.
377 1744 604 1798 62-64.
654 1746 853 1794 Aniceti
887 1746 1076 1796 scelere
1112 1745 1318 1796 Octavia
1354 1747 1410 1795 in
1449 1747 1672 1796 exilium·
1688 1748 1837 1812 pulsa
1873 1755 2080 1798 necatur
2108 1748 2162 1796 in

216 1815 543 1865 Pandateria.
571 1813 875 1880 Temporum
898 1814 1187 1865 infelicitas.
1223 1815 1309 1866 65.
1335 1813 1564 1864 Libertos
1591 1815 1952 1880 Doryphorum·
1974 1824 2024 1866 et
2045 1817 2162 1866 Pal-

214 1886 411 1942 lantem
438 1897 635 1933 veneno
654 1883 785 1933 tollit
810 1883 959 1950 Nero.
1006 1882 1209 1934 Seneca
1222 1886 1496 1932 incusatur.
1527 1883 1646 1932 Piso
1667 1883 1856 1934 Neroni
1877 1885 2159 1936 insidiatur.

319 1951 477 2003 Gesta
502 1951 630 2001 haec
660 1953 809 2003 annis
835 1945 1028 2003 circiter
1058 1960 1292 2018 quattuor
1317 1950 1372 2002 G.
1406 1950 1656 2016 Vipstano
1694 1950 1749 2001 C.
1777 1952 1984 2003 Fonteio
2011 1953 2163 2020 Capi-

218 2032 359 2083 tone,
382 2023 507 2087 imp.
535 2020 734 2071 Nerone
757 2022 829 2071 IV
852 2021 1009 2071 Cosso
1037 2021 1267 2071 Cornelio
1293 2020 1536 2081 Lentulo,
1570 2019 1622 2069 G.
1652 2020 1898 2071 Caesonio
1922 2020 2075 2070 Paeto
2104 2021 2159 2071 C.

220 2092 463 2141 Petronio
484 2088 792 2155 Turpiliano,
819 2089 876 2138 P.
901 2088 1059 2139 Mario
1085 2089 1230 2139 Celso
1262 2088 1320 2138 L.
1349 2088 1527 2138 Asinio
1557 2086 1698 2138 Gallo
1722 2102 1853 2138 coss

280 2162 339 2219 1.
384 2157 528 2218 Gaio
558 2158 843 2237 Vipstano
871 2157 1029 2218 Gaio
1060 2156 1306 2217 Fonteio
1339 2156 1672 2217 consulibus
1703 2156 1800 2216 diu
1831 2157 2161 2218 meditatum
2195 2210 2204 2216 .

148 2244 349 2304 scelus
393 2258 512 2301 non
552 2240 699 2302 ultra
738 2242 898 2302 Nero
934 2242 1176 2317 distulit,
1218 2249 1507 2302 vetustate
1552 2243 1779 2321 imperii
1825 2243 2034 2303 coalita
2064 2260 2158 2303 au·-

146 2328 316 2388 dacia
368 2334 427 2385 et
466 2325 803 2403 flagrantior
844 2328 902 2386 in
944 2323 1066 2384 dies
1099 2342 1296 2386 amore
1333 2325 1680 2405 Poppaeae,
1731 2344 1878 2405 quae
1909 2327 2018 2387 sibi
2045 2344 2158 2387 ma-

102 2415 115 2429 ‘
150 2412 477 2470 trimonium
533 2418 591 2470 et
642 2409 944 2471 discidium
986 2408 1264 2471 Octaviae
1318 2410 1589 2489 incolumi
1619 2410 1959 2490 Agrippina
2008 2410 2160 2472 haud

150 2512 436 2575 sperans,
485 2494 705 2554 crebris
750 2494 1268 2572 criminationibus,
1313 2494 1618 2583 aliquando
1655 2512 1762 2573 per
1803 2496 2094 2555 facetias
2076 2513 2157 2554 m·
2183 2496 2208 2554 5'

153 2587 391 2639 cusaret
421 2580 741 2657 principem
772 2588 831 2638 et
862 2579 1139 2679 pupillum
1169 2540 1439 2655 volaret,
1485 2580 1582 2657 qui
1612 2578 1783 2638 iussis
1816 2577 2018 2639 alienis
2057 2577 2158 2637 ob-

151 2663 364 2722 noxius
409 2680 524 2721 non
555 2663 727 2723 modo
764 2664 992 2742 imperii
1032 2662 1136 2723 sed
1165 2663 1450 2723 libertatis
1491 2664 1660 2722 etiam
1693 2662 1998 2739 indigeret.
2059 2680 2160 2721 cur

152 2748 309 2805 enim
366 2744 580 2807 differri
632 2748 863 2826 nuptias
918 2745 1091 2808 suas?
1162 2748 1401 2807 formam
1462 2746 1691 2809 scilicet
1743 2745 2058 2825 displicere
2103 2754 2162 2805 et

150 2828 531 2907 triumphales
560 2848 735 2910 avoe,
785 2848 856 2891 an
882 2831 1293 2892 fecunditatem
1321 2840 1380 2891 et
1407 2848 1606 2890 verum
1635 2828 1917 2892 animum?
1974 2831 2159 2890 timeri

151 2932 227 2983 ne
263 2930 415 2972 uxor
438 2914 643 2974 saltem
675 2914 911 2976 iniurias
941 2925 1193 2995 patrum,
1236 2919 1378 2975 iram
1409 2914 1611 2995 populi
1645 2914 1926 2975 adversus
1955 2930 2260 2993 super-10·

153 2998 310 3057 biam
340 2999 751 3078 avaritiamque
777 3001 977 3059 matris
1020 3000 1262 3078 aperiat.
1329 2999 1486 3078 quod
1518 3001 1567 3060 si
1596 3018 1798 3061 nurum
1830 2998 2160 3078 Agrippina

152 3099 273 3143 nou
317 3081 429 3141 nisi
465 3081 582 3142 lilio
611 3084 877 3156 infestam
917 3082 1076 3142 ferre
1107 3091 1340 3161 posset,
1387 3083 1726 3144 redderetur
1755 3087 1884 3163 ipsa
1913 3082 2158 3143 Othonis

156 3166 462 3265 coniugio:
504 3168 706 3229 ituram
710 3184 973 3267 ‘quoquo
1002 3175 1317 3243 terrarum,
1357 3167 1454 3226 ubi
1483 3166 1706 3228 audiret
1737 3170 1954 3309 potius·
1961 3175 2155 3228 contu-

155 3343 328 3413 atque
373 3335 511 3397 talia
544 3336 799 3397 lacrimis
832 3345 890 3396 et
930 3345 1055 3397 arte
1097 3334 1392 3396 adulterae
1421 3336 1782 3421 penetrantia
1814 3354 1983 3397 nemo
2021 3342 2153 3415 pro·
2177 3353 2226 3395 ts

154 3416 416 3497 bibebat,
452 3421 815 3499 cupientibus
844 3422 1063 3481 cunctis
1098 3419 1332 3497 infringi
1368 3409 1685 3499 potentiam
1712 3422 1908 3481 matris
1937 3428 1999 3481 et
2029 3436 2154 3480 cre-

156 3501 330 3564 dente
361 3504 523 3566 nullo
554 3523 735 3584 usque
768 3504 847 3565 ad
872 3504 1109 3569 caedem
1145 3505 1269 3565 eius
1301 3504 1566 3565 duratura
1597 3503 1698 3565 lilii
1729 3504 1952 3565 odia..
