2475 4000
813 204 1022 253 mnnn
1043 204 1295 293 11.·.cA1>
1318 202 1557 257 77——82
2096 190 2175 251 75

167 354 419 432 litibus,
451 354 548 414 ubi
576 354 841 414 Pisonem
875 354 996 417 ab
977 354 1118 431 rpsis
1131 363 1445 452 parentem
1476 289 1758 431 quondam
1800 336 2174 439 appellatum,
2195 378 2246 420 10

173 442 234 499 si
273 438 399 497 iure
429 438 722 514 ageretur,
756 438 1065 515 potiorem,
1095 438 1146 497 si
1177 439 1369 510 armis,
1402 453 1515 495 non
1540 437 1861 506 invalidum
1874 430 2171 498 vidissent.

170 533 312 582 tum
335 538 439 599 pro
471 521 828 580 munimentis
861 520 1088 579 castelli
1117 520 1441 597 manipulos
1463 519 1761 597 explieat,
1808 520 1962 581 colle
1996 522 2175 583 arduo

173 614 244 666 et
287 604 562 682 derupt03
592 621 720 663 nam
747 611 946 663 cetera
971 605 1136 663 mari
1156 604 1475 679 cinguntur.
1538 612 1738 661 contra
1780 606 2035 664 veterani
2080 622 2174 664 or-

173 688 421 750 dinibus·
459 700 528 747 ac
569 686 836 747 subsidiis
876 687 1163 745 instructi:
1212 688 1345 746 hinc
1394 686 1665 761 militum,
1722 686 1853 745 iude
1916 686 2175 747 locorum

171 773 510 850 asperitas,
565 759 668 829 sed
703 788 816 829 non
845 770 1092 845 animuS,
1141 787 1258 829 non
1298 787 1471 847 spes,
1518 788 1590 828 ne
1630 769 1749 829 tela
1793 769 2023 847 quidem
2066 790 2173 831 nisi
2193 789 2243 829 15

171 855 446 933 agrestia
475 862 570 914 aut
601 853 690 913 ad
698 853 957 913 subitum
996 871 1158 921 usum
1176 861 1531 931 properata.
1603 861 1665 911 ut
1701 870 1919 911 venere
1962 854 2021 910 in
2062 872 2175 913 ma-

81 1008 84 1013 ,
169 956 333 1013 nus,
379 954 495 996 non
530 935 678 997 ultra
717 936 1057 1013 dubitatum,
1100 954 1267 1013 quam
1311 937 1440 995 dum
1477 936 1771 996 Romanae
1816 936 2087 996 cohortes
2121 939 2181 995 in

171 1038 438 1099 aequum
486 1020 883 1081 eniterenturz'
937 1028 1163 1123 vertunt
1204 1029 1369 1096 terga
1424 1017 1639 1078 Cilices
1691 1036 1875 1097 seque
1934 1019 2175 1079 castello

173 1104 484 1169 claudunt.
905 1126 913 1131 -

318 1186 420 1247 81.
464 1186 697 1246 Interim
725 1185 860 1246 Piso
905 1186 1150 1246 classem
1189 1185 1341 1245 haud
1392 1185 1597 1263 procul
1641 1185 2040 1284 opperientem
2082 1185 2177 1245 ad-

170 1287 452 1352 pugnare
481 1270 691 1331 frustra
722 1269 1043 1348 temptavit;
1091 1286 1514 1347 regressusque
1546 1277 1604 1327 et
1633 1286 1739 1346 pro
1768 1272 1973 1345 muris,
2006 1269 2179 1328 modo

169 1361 379 1417 semet
411 1352 778 1430 adflictandO,
809 1353 981 1413 modo
1013 1353 1274 1429 singulos
1304 1353 1533 1411 nomine
1565 1352 1745 1428 ciens,
1780 1354 2050 1429 praemiis
2074 1370 2177 1418 vo·
2238 1406 2244 1418 ,

174 1455 354 1512 cans,
387 1436 730 1497 seditionem
760 1435 1090 1514 coeptabat,
1123 1437 1389 1515 adeoque
1414 1434 1824 1511 commoverat,
1854 1446 1916 1495 ut
1938 1436 2180 1512 signifer
2248 1440 2251 1445 '

171 1521 442 1599 legionis
483 1529 686 1579 sextae
725 1520 948 1596 signum
1001 1518 1072 1579 ad
1133 1538 1263 1579 eum
1323 1519 1693 1580 transtulerit.
1777 1529 1893 1579 tum
1948 1521 2222 1578 Sentius5

174 1620 486 1667 occanere
516 1621 729 1663 cornua
756 1602 1043 1680 tubasque
1073 1612 1132 1661 et
1165 1604 1285 1681 peti
1314 1621 1622 1680 aggerem,
1662 1604 1807 1679 erigi
1844 1602 2079 1663 scalas
2062 1620 2175 1660 ius-

174 1690 293 1764 sit,
325 1705 396 1747 ac
440 1688 921 1785 promptissimum
957 1704 1248 1765 quemque
1290 1688 1645 1761 succedere,
1690 1685 1838 1745 alios
1880 1686 2177 1745 tormentis

173 1772 386 1831 hastas
415 1787 554 1830 saxa
583 1779 642 1830 et
682 1771 888 1837 faces·
866 1788 1162 1869 ingerere.
1231 1770 1459 1831 tandem
1493 1772 1646 1829 victa
1697 1770 2012 1846 pertinacia
2041 1768 2182 1831 Piso

179 1855 380 1919 oravit
408 1862 467 1912 ut
494 1853 713 1914 traditis
739 1855 912 1913 armis
945 1862 1204 1913 maneret
1230 1855 1289 1912 in
1321 1852 1597 1925 castello,
1633 1852 1763 1910 dum
1796 1848 2043 1928 Caesar,
2086 1854 2177 1912 cui

178 1938 414 1998 Suriam
455 1939 845 2016 permitteret,
894 1928 1228 1998 consulitur.
1290 1952 1416 1993 mon
1448 1942 1727 2013 receptae
1782 1934 2172 2010 condiciones,
2197 1956 2247 1996 ιο

177 2039 304 2082 nec
334 2021 486 2080 aliud
518 2038 684 2098 quam
709 2038 888 2082 naves
920 2030 977 2083 et
1007 2027 1184 2080 tutum
1213 2021 1273 2077 in
1297 2017 1499 2077 urbem
1541 2018 1653 2076 iter
1692 2034 2033 2076 concessum
2072 2026 2177 2076 est.
2236 2049 2251 2060 -

319 2101 416 2162 82.
457 2102 538 2162 At
568 2104 808 2178 Romae,
841 2111 1144 2181 postquam
1175 2100 1497 2163 Germanici
1516 2099 1786 2160 valetudo
1812 2099 2177 2177 percrebruit

185 2192 518 2261 cunctaque
563 2195 624 2244 ut
661 2205 737 2245 ex
778 2185 1093 2264 longinquo
1138 2194 1305 2244 aucta
1349 2185 1406 2243 in
1450 2183 1702 2244 deterius
1728 2183 2175 2258 adferebantur,

89 2323 102 2332 .
184 2265 368 2330 dolor
399 2267 504 2342 ira,
536 2276 594 2326 et
625 2267 998 2346 erumpebant
1032 2276 1289 2345 questus.
1350 2267 1483 2327 ideo
1516 2268 1773 2327 nimirum
1806 2269 1863 2326 in
1888 2271 2176 2328 extremas

180 2361 382 2412 terras
425 2349 778 2427 relegatum,
823 2352 953 2411 ideo
999 2351 1192 2410 Pisoni
1234 2353 1571 2430 permissam
1616 2352 2000 2428 provinciam3
2062 2352 2177 2410 hoc

183 2435 394 2512 egisse
422 2442 686 2493 secretos
715 2434 1011 2511 Augustae
1037 2452 1162 2494 cum
1190 2433 1459 2495 Plancina
1489 2451 1807 2494 sermones.
1837 2451 1978 2493 vera
2005 2451 2167 2511 pror·
2191 2455 2215 2492 5

184 2537 293 2580 sus
327 2517 402 2576 de
428 2515 619 2578 Druso
651 2519 912 2578 seniores
942 2517 1170 2578 locutos
1187 2539 1212 2588 ε,
1233 2518 1549 2597 displicere
1578 2516 1950 2594 regnantibus
1984 2517 2175 2576 civilia

183 2602 442 2662 filiorum
470 2601 730 2677 ingenia,
777 2619 966 2680 neque
999 2601 1073 2660 ob
1107 2600 1259 2662 aliud
1290 2603 1679 2678 interceptos,
1712 2617 1880 2677 quam
1911 2601 2041 2682 quia
2074 2617 2175 2677 po-

185 2685 391 2763 pulum
420 2683 735 2744 Romanum
763 2701 951 2763 aequo
979 2686 1101 2744 iure
1133 2686 1445 2763 complecti
1480 2683 1703 2744 reddita
1745 2683 2015 2742 libertate
2056 2683 2175 2758 agi·

185 2769 458 2828 taverint.
508 2767 616 2827 hos
648 2768 804 2844 vulgi
839 2785 1138 2827 sermones
1182 2768 1372 2828 audita
1411 2784 1593 2827 mors
1608 2767 1755 2827 adeo
1793 2766 2076 2840 incendit,
2117 2773 2180 2824 ut

185 2861 326 2912 ante
360 2849 606 2910 edictum
644 2851 1100 2927 magistratuum,
1143 2861 1273 2910 ante
1318 2859 1551 2910 senatus
1592 2849 1911 2911 consultum
1952 2838 2175 2926 sumpto
2197 2863 2247 2904 ιο

185 2934 408 2995 iustitio
441 2932 849 2994 desererentur
875 2933 1026 3008 fora,
1061 2932 1464 2993 clauderentur
1495 2934 1713 2994 domus.
1769 2935 1982 3012 passim
2005 2933 2178 2990 silen-

187 3019 270 3076 tia
303 3025 363 3078 et
393 3019 664 3093 gemituS,
695 3017 833 3076 nihil
857 3017 1240 3093 compositum
1269 3019 1326 3075 in
1370 3013 1839 3086 ostentationem;
1885 3025 1944 3075 et
1986 3033 2177 3093 quam·
2275 3060 2280 3067 .

191 3117 365 3178 quam
395 3117 584 3177 neque
624 3100 944 3176 insignibus
988 3099 1304 3176 lugentium
1344 3099 1731 3176 abstinerent,
1776 3101 1945 3160 altius
1982 3099 2179 3158 animis

189 3181 548 3243 maerebant.
619 3183 772 3245 forte
817 3183 1261 3260 negotiatores,
1317 3183 1549 3242 vivente
1570 3191 1577 3204 “
1600 3184 1785 3243 adhuc
1840 3181 2177 3244 Germanico

189 3265 362 3325 Suria
403 3268 666 3344 egressi,
711 3268 953 3326 laetiora
995 3265 1068 3325 de
1109 3265 1435 3325 valetudine
1482 3267 1608 3325 eius
1646 3267 1909 3326 attulere.
1992 3265 2177 3324 statim
2204 3292 2247 3332 15

194 3348 436 3423 credita,
469 3351 660 3410 statim
689 3350 924 3427 vulgata
947 3357 1108 3408 sunt:
1139 3357 1200 3408 ut
1231 3349 1475 3427 quisque
1508 3349 1747 3425 obvius,
1798 3348 2055 3427 quamvis
2096 3347 2197 3412 lea.

193 3431 346 3491 viter
375 3433 566 3494 audita
593 3433 653 3492 in
681 3433 830 3494 alios
851 3442 1024 3512 atque
1049 3432 1134 3493 illi
1153 3434 1212 3493 in
1236 3432 1436 3511 plures
1466 3433 1746 3492 cumulata
1770 3432 1979 3510 gaudio
1999 3441 2179 3492 trans-
