2475 4000
555 219 764 266 menn
791 219 883 265 vl.
919 219 1069 267 cAP.
1101 217 1325 270 44——48
1347 203 1645 289 (se—42).
1982 207 2099 268 173
2156 173 2167 180 χ

113 370 376 434 Caesaris
405 375 586 433 literis
616 375 970 451 provinciam
1011 373 1204 432 sortiri
1248 372 1598 451 prohibitus:
1641 374 1865 434 Blaesis
1908 395 2101 436 sacer-

111 455 278 533 dotia,
307 459 536 535 integra
567 474 766 516 eorum
789 456 960 516 domo
993 456 1296 533 destinata,
1324 456 1599 516 convulsa
1622 457 1939 536 distulerat,
1966 472 2107 522 tunc
2146 481 2153 489 ’

109 547 388 607 utJacua
428 541 666 602 contulit
707 543 766 600 in
805 542 990 614 alios,
1047 540 1202 618 quod
1246 541 1471 616 signum
1514 543 1713 601 mortis
1756 543 2099 606 intellexere

111 631 166 681 et
193 628 454 685 exsecuti
483 635 631 684 sunt.
693 634 752 684 et
783 625 1030 686 Aemilia
1057 624 1306 703 Lepida,
1353 641 1519 702 quam
1551 626 1741 684 iuveni
1768 625 1957 688 Druso
1999 649 2097 688 nu—

108 715 254 782 pta-m
285 711 496 787 rettuli,
531 709 752 769 crebris
783 708 1110 769 criminibus
1139 709 1400 768 maritum
1422 710 1736 785 insectata,
1763 728 2097 790 quamquam
2118 723 2195 781 1⁵,

107 791 464 871 intestabilis,
499 803 688 854 tamen
717 795 986 870 impunita
1016 792 1251 870 agebat,
1304 793 1444 852 dum
1488 793 1769 871 superfuit
1800 803 1965 872 pater
1997 797 2099 856 Le·
2177 849 2186 856 ,,

71 873 296 950 ,ρίᾱιιεε
347 887 482 956 post
527 897 560 938 a
607 877 964 938 delatoribus
1009 877 1321 955 corripitur
1368 876 1443 936 ob
1488 893 1719 936 servum
1764 877 2099 957 adulterum,
2146 911 2150 914 ·

106 974 208 1017 nec
243 960 612 1024 dubitabatur
655 961 726 1022 de
759 961 1014 1038 flagiti-o:
1077 977 1222 1038 ergo
1269 962 1482 1021 omissa
1536 961 1877 1022 defensione
1932 963 2101 1022 finem
2169 1017 2174 1027 .

105 1043 250 1102 vitae
280 1046 394 1105 sibi
425 1048 638 1125 posuit.
1609 1066 1617 1076 ’

221 1131 325 1190 47.
376 1130 489 1190 Per
523 1130 672 1190 idem
718 1123 942 1209 tempus
993 1129 1270 1190 Clitarum
1311 1131 1465 1189 natio
1503 1128 1840 1208 Cappadoci
1880 1127 2172 1190 Arche-41

106 1207 192 1268 lao
223 1213 515 1292 subiectaq
541 1212 958 1292 quia*nostrum
989 1216 1046 1274 in
1075 1213 1304 1272 modum
1334 1213 1565 1274 deferre
1598 1231 1827 1290 census,
1864 1216 1983 1293 pati
2007 1215 2101 1274 tri·

105 1291 232 1373 buta
263 1297 638 1375 adigebatur,
681 1300 740 1357 in
769 1299 904 1375 iuga
938 1298 1108 1358 Tauri
1149 1299 1361 1357 montis
1396 1297 1681 1357 abscessit
1722 1297 2099 1377 lotor-umque

105 1377 332 1454 ingenio
369 1401 504 1444 sese
535 1391 737 1442 contra
782 1381 1050 1442 imbelles
1088 1383 1252 1458 regis
1294 1382 1499 1460 copias
1540 1381 1856 1459 tutabatur,
1912 1382 2101 1443 donec

103 1458 175 1520 M.
208 1463 536 1526 Trebellius
570 1466 826 1543 legatus,
871 1484 902 1525 a
936 1465 1176 1526 Vitellio
1207 1465 1478 1544 praeside
1518 1465 1721 1526 Suriae
1768 1485 1895 1525 cum
1940 1476 2144 1544 quat-5

103 1551 226 1606 tuor
257 1550 490 1610 milibus
520 1551 972 1627 legionariorum
1013 1560 1074 1609 et
1111 1549 1359 1609 delectis
1406 1550 1631 1610 auxiliis
1668 1551 1912 1627 missus,
1956 1551 2127 1626 duos,

105 1630 288 1710 collis,
323 1651 476 1714 quos
503 1633 736 1694 barbari
767 1634 1100 1695 insederant
1133 1631 1368 1712 (minori
1398 1633 1623 1711 Cadra,
1674 1634 1841 1694 alteri
1872 1633 2102 1695 Davara

102 1728 306 1778 nomen
333 1717 496 1796 est),
541 1717 818 1798 operibus
859 1711 1236 1780 circumdedit
1279 1727 1339 1779 et
1378 1737 1686 1799 erumpere
1716 1736 1891 1778 ausos
1924 1718 2103 1796 ferre,

105 1807 334 1870 ceteros
367 1804 462 1862 siti
489 1802 561 1863 ad
581 1802 934 1864 deditionem
963 1805 1182 1881 coegit.

223 1885 301 1945 At
331 1887 614 1947 Tiridates
645 1886 974 1947 volentibus
1005 1887 1228 1948 Parthis
1256 1885 1671 1962 Nicephorium
1702 1886 2095 1948 et-Anthemu-
2120 1902 2169 1942 ιο

103 1965 255 2029 siada
287 1980 631 2052 ceterasque
665 1970 873 2048 urbes,
923 1988 1070 2049 quae
1099 1968 1516 2032 Macedonibus
1560 1969 1705 2027 sitae
1736 1967 1957 2030 Graeca
1998 1989 2099 2031 vo·

103 2050 305 2115 cabula
343 2064 654 2133 usurpant,
696 2054 1016 2133 Halumque
1079 2064 1138 2115 et
1189 2053 1527 2113 Artemitam
1581 2051 1847 2113 Parthica
1888 2054 2103 2133 oppida

98 2139 344 2215 recepit,
389 2138 742 2199 certantibus
769 2138 986 2215 gaudio
1016 2140 1110 2218 qui
1139 2136 1493 2197 Artabanum
1520 2136 1768 2211 Scythas
1796 2134 1942 2197 inter
1964 2137 2100 2221 edu·

99 2224 251 2276 ctum
281 2220 361 2279 ob
391 2224 688 2282 saevitiam
721 2224 1014 2282 exsecrati
1061 2239 1226 2281 come
1259 2218 1529 2281 Tiridatis
1568 2222 1858 2298 ingenium
1892 2220 2100 2283 Roma-

95 2315 204 2359 nas
235 2319 344 2379 per
373 2314 528 2365 artes
557 2305 888 2385 sperabant.
2118 2321 2167 2361 15

223 2386 326 2447 48.
369 2387 675 2449 Plurimum
730 2388 1075 2449 adulationis
1115 2388 1507 2451 Seleucenses
1557 2390 1824 2467 induere,
1880 2394 2087 2455 civitas
2102 2400 2169 2456 42

99 2477 328 2545 potens,
364 2481 565 2551 saepta
601 2474 774 2533 muris
809 2492 1002 2552 neque
1029 2475 1088 2533 in
1114 2473 1421 2535 barbarum
1463 2484 1771 2554 corrupta,
1817 2474 1923 2535 sed
1964 2494 2099 2536 con·-

99 2550 302 2613 ditoris
333 2554 566 2618 Seleuci
601 2559 875 2618 retinens.
939 2560 1187 2619 trecenti
1219 2559 1431 2639 opibus
1462 2569 1557 2619 aut
1580 2560 1863 2638 sapientia
1883 2558 2099 2619 delecti

101 2644 158 2693 ut
198 2648 466 2714 senatuS,
513 2658 614 2701 sua
662 2642 879 2721 populo
917 2643 1024 2702 vis.
1107 2652 1166 2703 et
1225 2646 1493 2723 quotiens
1538 2642 1863 2704 concordes
1902 2654 2097 2721 agunt,

103 2724 388 2797 spernitur
415 2723 687 2803 Parthus:
729 2725 828 2786 uhi
868 2726 1234 2805 dissensere,
1284 2729 1414 2789 dum
1456 2728 1567 2787 sibi
1610 2730 1853 2807 quisque
1896 2737 2145 2791 contra5

103 2806 356 2869 aemulos
394 2808 708 2870 subsidium
733 2820 974 2888 vocant,
1017 2814 1240 2892 accitus
1280 2814 1339 2872 in
1380 2823 1603 2892 partem
1642 2813 1947 2873 adversum
1982 2830 2098 2873 orn-

27 2920 29 2923 <
104 2902 206 2947 nes
249 2893 517 2953 valescit.
604 2889 662 2953 id
717 2912 902 2973 nuper
963 2897 1259 2957 acciderat
1302 2897 1601 2959 Artabano
1642 2906 1955 2975 regnante,
2005 2898 2100 2976 qui

108 2971 332 3046 plebem
363 2977 714 3056 primoribus
743 2978 974 3040 tradidit
1003 2999 1080 3039 ex
1109 2998 1216 3040 sno
1245 3000 1381 3042 usu:
1412 3000 1543 3042 nam
1570 2982 1771 3061 populi
1798 2982 2100 3061 imperium

105 3054 252 3119 iuxta
285 3060 634 3138 libertatem,
658 3079 972 3141 paucorum
1001 3064 1315 3126 dominatio
1346 3068 1552 3143 regiae
1594 3066 1813 3126 libidini
1854 3067 2099 3144 propior

107 3138 209 3199 est'.
265 3154 380 3205 tum
411 3146 813 3207 adventantem
844 3146 1134 3209 Tiridaten
1163 3148 1449 3209 extollunt
1478 3159 1741 3210 veterum
1768 3168 1971 3227 regum
1995 3149 2163 3213 ho·10
2233 3210 2241 3219 ,
2306 3167 2312 3175 ’

107 3226 337 3317 poribus
367 3239 426 3289 et
469 3248 618 3309 quos
661 3248 872 3291 recens
913 3241 1072 3292 aetas
1113 3232 1333 3309 largius
1375 3235 1619 3303 invenit;
1669 3234 1835 3295 simul
1882 3234 2095 3314 probra

107 3320 160 3364 ¹11
191 3310 542 3375 Artabanum
571 3314 916 3393 fundebant,
965 3326 1217 3377 materna
1252 3319 1477 3395 origine
1505 3319 1859 3395 Arsaciden,
1902 3328 2099 3379 cetera

107 3387 472 3470 degenerem.
548 3400 834 3461 Tiridates
883 3414 1030 3460 rem‘
1053 3401 1469 3463 Seleucensem
1522 3403 1745 3482 populo
1805 3401 2111 3483 permittite

107 3488 235 3538 mox
276 3482 608 3544 consultans
627 3529 644 3561 ,
701 3502 948 3563 quonam
1001 3484 1094 3558 die
1151 3486 1455 3548 sollemnia
1514 3489 1684 3565 regni-
1738 3496 2095 3568 capesseret.
