2475 4000
644 222 853 270 mmm
880 222 993 268 XV.
1018 222 1176 269 CAP.
1210 222 1450 277 45-——50-
1651 228 1658 235 ’
1887 214 2037 283 ’303

58 392 171 517 335
176 374 1802 537 *ztffiz‘zsssff‘xarffffisszt&aaziariopffgltzzsslzz
1821 396 1912 523 ¹22⁰
1915 397 2036 524 1¹¹¹
2057 395 2110 436 ¹⁰
2146 485 2157 495 =

58 540 293 619 quando
334 541 469 601 luxu
506 542 858 619 indulgebat.
918 543 1091 621 idque
1128 542 1391 620 pluribus
1432 544 1808 622 probabatur,
1857 548 2038 624 quiin

56 634 217 685 tanta
253 627 516 687 vitiorum
558 625 859 687 dulcedine
902 644 1172 687 summum
1222 623 1520 707 imperium
1557 646 1672 687 non
1713 631 2036 690 restrictum

58 728 171 769 nec
206 726 580 788 perseverum
610 710 827 769 volunt.

182 794 289 854 49.
322 792 545 853 Initium
581 794 957 855 coniurationi
998 810 1113 853 non
1152 810 1187 851 a
1234 793 1502 874 cupidine
1543 795 1724 874 ipsius
1747 795 1892 855 'fuitz
1927 814 2039 855 nec

56 884 249 937 tamen
295 876 469 937 facile
518 880 983 952 memoraverim,
1038 879 1163 954 quis
1213 878 1428 955 primus
1471 887 1702 955 auctor,
1748 879 2034 939 6111116όί11-

56 962 269 1019 611116111
305 962 589 1020 concitum
631 964 703 1019 sit
741 962 895 1040 quod
942 961 1248 1032 tammulti
1289 971 1669 1041 sumpserunt.
1730 963 2036 1041 promptis-

54 1046 235 1103 simos
266 1040 529 1104 Subrium
560 1044 793 1105 Flavum
824 1044 1104 1105 tribunum
1150 1046 1478 1121 praetoriae
1525 1046 1779 1106 cohortis
1823 1054 1882 1105 et
1911 1044 2034 1103 Sul-

50 1130 271 1207 picium
312 1128 563 1205 Asprum
612 1130 1001 1191 centurionem
1044 1130 1308 1187 extitisse
1349 1131 1669 1191 constantia
1709 1130 1894 1189 exitus
1936 1127 2034 1187 do·
2058 1151 2087 1189 5

54 1214 201 1279 cuit:
246 1221 315 1271 et.
346 1211 607 1291 Lucanus
637 1211 909 1271 Annaeus
928 1212 1305 1289 Plautiusque
1339 1211 1650 1273 Lateranus
1683 1211 1872 1273 vivida
1907 1212 2036 1271 odia

52 1296 325 1355 intulere.
378 1298 661 1357 Lucanum
688 1297 959 1374 propriae
980 1312 1189 1355 causae
1210 1294 1626 1373 accendebant,
1655 1296 1809 1376 quod
1829 1295 2036 1355 famam

52 1382 366 1439 carminum
398 1380 518 1439 eius
550 1378 849 1457 premebat
874 1378 1033 1439 Nero
1066 1378 1553 1457 prohibueratque
1583 1389 1908 1456 ostentare,
1937 1396 2033 1438 va-

48 1480 157 1522 nus
192 1463 657 1523 adsimulatione:
688 1463 1025 1523 Lateranum
1056 1462 1353 1521 consulem
1381 1462 1742 1540 designatum
1761 1462 1922 1523 'nulla
1953 1465 2032 1523 111-
2127 1502 2133 1510 -

50 1549 229 1622 iuria,
279 1546 381 1607 6611
426 1562 585 1605 amor
622 1548 709 1605 rei
748 1546 1015 1625 publicae
1045 1547 1306 1607 sociavit.
1361 1556 1422 1609 at
1456 1545 1690 1613 Flavius
1715 1548 2033 1607 Scaevinus
2053 1564 2106 1605 ιο

50 1641 109 1689 et
143 1632 421 1691 Afranius
451 1630 812 1708 Quintianus,
856 1640 1097 1709 uterque
1126 1632 1400 1692 senatorii
1429 1630 1676 1707 ordinis,
1721 1640 1920 1693 contra
1949 1629 2031 1689 fa·

48 1732 203 1775 mam
240 1716 327 1773 sui
372 1715 711 1793 principium
752 1715 891 1775 tanti
930 1716 1204 1776 facinoris
1249 1715 1639 1794 capessivere.
1701 1732 1830 1775 nam
1855 1714 2031 1773 Scae·
2111 1762 2116 1771 .

48 1799 187 1857 vino
234 1797 511 1858 dissoluta
552 1798 686 1857 luxu
732 1816 893 1858 mens
940 1808 999 1858 et
1040 1799 1284 1877 proinde
1328 1800 1444 1859 vita
1481 1814 1684 1857 somno
1729 1796 2030 1877 languida:

50 1882 393 1957 Quintianus
432 1882 669 1943 mollitia
710 1883 977 1961 corporis
1022 1884 1247 1943 infamis
1292 1891 1349 1942 et
1387 1900 1422 1941 a
1459 1880 1694 1941 Nerone
1741 1880 2030 1957 probroso

46 1968 305 2027 carmine
332 1966 647 2028 diffamatus
676 1966 1052 2028 contumelias
1086 1966 1264 2026 ultum
1295 1964 1432 2024 ibat.
2051 1991 2103 2032 15

172 2052 276 2110 50.
318 2051 479 2126 Ergo
522 2052 653 2111 dum
694 2051 923 2111 scelera
966 2051 1270 2128 principis,
1315 2048 1579 2108 6111116111
1613 2046 1822 2106 adesse
1852 2047 2030 2124 impe-

43 2137 137 2194 rio
172 2132 653 2212 deligendumque
682 2135 779 2211 qui
808 2134 983 2192 fessis
1008 2132 1185 2192 rebus
1216 2139 1636 2206 succurreret,·
1659 2130 1810 2190 inter
1846 2147 1910 2188 se
1938 2139 2034 2188 aut

42 2221 205 2276 111161·
246 2218 462 2275 amicos
523 2218 771 2292 iaciunt,
834 2217 1237 2292 adgregavere
1286 2212 1578 2275 Claudium
1627 2214 2030 2289 Senecionem,

46 2300 389 2360 Cervarium
412 2299 735 2376 Proculum,
759 2300 1079 2366 Vulcatium
1104 2299 1422 2375 Araricum,
1444 2298 1643 2359 lulium
1658 2298 2030 2374 Augurinum,

44 2383 358 2444 Munatium
383 2381 630 2459 Gratum,
651 2384 957 2457 Antonium
985 2383 1268 2460 Natalem,
1299 2383 1570 2444 Marcium
1593 2381 1844 2457 Festum,
1875 2383 2030 2458 equi·
2053 2408 2080 2447 5

46 2477 141 2528 tes
173 2467 485 2527 Romanos.
546 2483 622 2526 ex
649 2467 856 2545 quibus
887 2467 1167 2542 Senecio,
1216 2486 1252 2525 e
1293 2468 1607 2545 praecipua
1651 2464 2032 2524 familiaritate

48 2551 333 2628 Neronis,
377 2551 633 2630 speciem
674 2551 955 2612 amicitiae
987 2553 1311 2618 etiamtum
1353 2552 1606 2610 retinens
1652 2566 1724 2608 eo
1775 2546 2032 2627 pluribus

50 2636 331 2712 periculis
362 2633 823 2703 conflictabatur:
864 2634 1087 2696 Natalis
1118 2636 1412 2714 particeps
1439 2633 1510 2692 ad
1540 2649 1708 2691 omne
1745 2639 2033 2690 secretum

52 2717 249 2778 Pisoni
284 2728 436 2788 erat:
482 2720 695 2778 ceteris
724 2735 862 2798 spes
890 2737 965 2778 ex
990 2719 1159 2779 novis
1193 2719 1366 2778 rebus
1393 2715 1713 2796 petebatur.
1778 2713 2032 2774 adscitae

54 2811 183 2860 sunt
214 2821 390 2882 super
416 2801 679 2862 Subrium
709 2811 769 2861 61
796 2801 1128 2881 Sulpicium,
1162 2802 1235 2862 de
1266 2801 1470 2880 quibus
1502 2799 1727 2874 rettuli,
1756 2798 2103 2861 111111111166111

50 2903 281 2962 manus,
329 2886 541 2947 Gavius
582 2885 846 2946 Silvanus
885 2895 946 2945 et
988 2888 1199 2946 Statius
1232 2880 1531 2945 Proximus
1571 2882 1780 2942 tribuni
1825 2877 2028 2942 c‘ohor-

52 2970 185 3029 tium
220 2971 663 3048 praetoriarum,
696 2969 975 3029 Maximus
1000 2969 1252 3030 Scaurus
1281 2978 1340 3029 et
1372 2970 1630 3029 Venetus
1657 2965 1866 3025 Paulus
1899 2983 2030 3024 cen-

52 3055 329 3113 turiones.
391 3053 495 3113 sed
525 3051 795 3112 summum
828 3053 1005 3116 robur
1036 3055 1095 3112 111
1120 3053 1335 3112 Faenio
1359 3052 1510 3112 Rufo
1541 3049 1843 3129 praefecto
1875 3048 2032 3107 vide-

54 3133 251 3214 batur,
296 3155 464 3216 quem
505 3138 621 3196 vita
664 3136 931 3214 famaque
970 3137 1255 3196 laudatum
1283 3135 1720 3214 persaevitiam
1758 3131 2032 3210 inpudici-

56 3221 303 3299 tiamque
332 3221 652 3299 Tigellinus
682 3223 742 3278 in
784 3221 969 3280 animo
998 3220 1278 3300 principie
1316 3217 1600 3293 anteibat,
1636 3215 2030 3292 fatigabatque
2049 3229 2100 3270 1⁵

56 3303 543 3366 criminationibus
570 3321 640 3364 ac
672 3321 854 3382 saepe
882 3305 941 3362 in
971 3313 1180 3364 metum
1198 3298 1515 3362 adduxerat
1532 3301 1694 3379 quasi
1715 3299 2031 3358 adulterum

58 3386 414 3468 Agrippinae
446 3399 504 3448 et
534 3388 823 3448 desid-erio
854 3388 977 3447 61116
1000 3387 1203 3448 ultioni
1232 3389 1525 3446 intentum.
1577 3384 1754 3460 igitur
1775 3382 1868 3442 ubi
1895 3399 2028 3441 con-

56 3469 255 3532 iuratis
306 3472 663 3550 praefectum
707 3489 936 3552 quoque
988 3471 1262 3552 praetorii
1316 3472 1372 3529 in
1415 3477 1612 3550 partes
1655 3465 2030 3527 descendisse
