2475 4000
269 219 389 283 168
780 226 1111 276 οοΒΝΕΜι
1134 225 1370 304 mom
1391 225 1758 274 amuntm

262 386 369 448 sub
400 400 513 462 quo
544 383 764 460 legioni
798 382 1158 461 praefuerat,
1193 379 1512 459 periculum
1541 381 1810 456 facessit,
1863 379 2020 460 quod
2065 381 2116 439 is
2155 381 2272 440 Se-

260 472 372 531 iani
414 467 585 527 lilium
625 483 903 543 generum
946 465 1326 540 destinasset,
1369 464 1519 524 ultro
1563 465 1858 524 damnatur
1895 473 2074 542 atque
2117 465 2302 524 urbe·

264 552 528 629 exigitur.
594 549 923 611 Gaetulicus
954 567 1021 610 ea
1050 557 1396 627 tempestate
1431 549 1748 626 superioris
1789 547 2132 608 Germaniae
2179 549 2270 608 le-

186 705 189 714 *
263 639 471 716 giones
530 634 765 695 curabat
816 635 1132 710 mirumque
1190 649 1445 692 amorem
1487 632 1794 694 adsecutus
1841 641 1995 709 erat,
2041 633 2276 692 effiisae

201 749 247 789 ιο
266 721 636 795 clementiae,
667 717 929 778 modicus
962 717 1360 776 severitate'et
1387 714 1654 794 proximo
1696 733 1928 794 quoque
1977 717 2276 776 exercitui

264 824 371 884 per
404 803 469 864 L.
501 803 821 881 Apro-nium
856 819 1122 861 socerum
1150 818 1270 859 non
1299 802 1575 876 ingratus.
1631 800 1782 859 unde
1811 800 1963 860 fama
1989 809 2272 860 constans

265 905 460 951 ausum
487 889 715 946 mittere
744 885 817 946 ad
850 883 1420 961 CaesaremJiteras,
1453 883 1799 943 adfinitatem
1849 882 1955 942 sibi
1999 902 2130 944 cum
2161 886 2268 943 Se·

262 976 393 1033 iano
418 971 569 1031 haud
598 978 806 1050 sponte
850 968 955 1028 sed
979 964 1241 1028 'consilio
1287 967 1504 1028 Tiberii
1553 975 1854 1044 coeptam3
1909 968 2158 1044 perinde
2205 987 2278 1026 se

268 1074 433 1136 quam
464 1055 753 1116 Tiberium
781 1052 903 1112 falli
936 1053 1217 1131 potuisse,
1249 1069 1440 1128 neque
1468 1067 1726 1114 errarem
1761 1050 2002 1110 eundem
2026 1051 2112 1110 illi
2145 1053 2281 1110 sine

200 1166 250 1206 15
267 1139 488 1215 fraude,
526 1139 651 1198 aliis
682 1138 857 1198 exitio
888 1135 1228 1196 habendum.
1284 1135 1396 1194 sibi
1424 1135 1592 1196 iidem
1625 1129 1908 1212 ἣκει-ειη
1939 1144 2026 1211 et,
2062 1137 2112 1194 si
2146 1135 2274 1194 nul·

265 1225 339 1286 lis
382 1221 600 1284 insidiis
641 1229 968 1301 peteretur,
1026 1237 1379 1287 mansuram3
1449 1235 1855 1282 successerant
1917 1235 2032 1278 non
2098 1219 2282 1278 aliter

268 1325 433 1387 qnam
479 1305 743 1364 indicium
780 1307 984 1364 mortis
1028 1313 1422 1381 accepturum.
1497 1303 1786 1362 firmarent
1840 1303 1989 1362 velut
2035 1302 2274 1379 foedus,

268 1408 382 1470 quo
422 1391 694 1467 princeps
737 1396 1055 1447 ceterarum
1094 1405 1290 1446 rerum
1339 1395 1670 1466 poteretur,
1723 1389 1854 1465 ipse
1904 1388 2274 1466 provinciam

266 1475 563 1534 retineret.
639 1470 817 1544 haec,
866 1472 1006 1530 mira
1050 1489 1217 1548 quam
1263 1489 1419 1546 uam,
1469 1471 1638 1530 iidem
1683 1489 1759 1530 ex
1815 1488 1888 1530 eo
1940 1470 2276 1548 trahebant,

200 1555 426 1635 wquod
452 1572 596 1613 unus
628 1554 874 1613 omnium
918 1555 1113 1612 Seiani
1150 1489 1418 1613 anguium
1458 1554 1758 1614 incolumis
1798 1554 2092 1632 multaque
2134 1573 2276 1632 gra-

268 1643 345 1700 tia
374 1640 597 1714 mansit,
628 1645 929 1715 reputante
961 1637 1196 1696 Tiberio
1228 1637 1520 1716 publicum
1551 1637 1660 1696 sibi
1689 1638 1910 1713 odium,
1952 1647 2275 1699 extremam

270 1733 515 1784 aetatem
542 1721 841 1798 magisque
872 1721 1021 1781 fama
1057 1737 1225 1798 quam
1256 1723 1314 1779 vi
1345 1730 1500 1780 stare
1535 1740 1633 1780 res
1661 1739 1816 1783 suas.

200 1817 263 1872 τι
392 1805 491 1866 37.
544 1803 613 1865 G.
660 1802 859 1865 Cestio
874 1806 982 1866 0151.
1025 1805 1279 1864 Servilio
1322 1804 1658 1864 consulibus
1697 1805 1925 1866 nobiles
1967 1805 2164 1866 Parthi
2216 1809 2276 1866 in

268 1890 469 1952 urbem
516 1907 768 1966 venere,
814 1892 1017 1966 ignaro
1060 1905 1207 1965 rege
1245 1888 1564 1948 Artabano.
1645 1892 1694 1949 is
1741 1898 1896 1950 metu
1943 1889 2278 1951 Germanici

270 1975 415 2037 lidus
453 1975 756 2050 Romanis,
798 1973 1115 2054 aequabilis
1154 1975 1213 2033 in
1259 1990 1429 2051 suos,
1469 1990 1609 2035 mox
1651 1973 1978 2054 superbiam
2031 1976 2092 2034 in
2142 1993 2275 2053 noS,

270 2060 569 2122 saevitiam
598 2062 656 2117 in
693 2059 1007 2136 populares
1036 2060 1309 2137 sumpsit,
1353 2059 1539 2118 fretus
1567 2058 1769 2136 bellis,
1814 2077 1960 2137 quae
2007 2060 2275 2121 secunda

220 2179 247 2217 5
270 2144 572 2217 adversum
616 2143 1013 2203 circumiectas
1060 2142 1326 2203 nationes
1367 2152 1748 2219 exercuerat,
1807 2152 1866 2203 et
1907 2151 2274 2203 senectutem

272 2226 485 2288 Tiberii
518 2233 581 2283 ut
606 2226 880 2286 inermem
912 2227 1244 2311 despiciens
1285 2227 1604 2306 avidusque
1649 2227 1989 2303 Armeniae,
2033 2229 2125 2286 cui
2171 2228 2274 2287 de-

269 2312 486 2371 functo‘
506 2326 654 2385 rege
693 2308 932 2369 Artaxia
975 2311 1240 2370 Arsacen
1283 2311 1598 2383 liberorum
1643 2328 1872 2371 suorum
1901 2314 2268 2371 veterrimum

268 2393 549 2473 inposuit,
601 2392 789 2452 addita
836 2394 1181 2454 contumelia
1228 2403 1286 2454 et
1327 2396 1518 2455 missis
1563 2398 1657 2473 qui
1695 2412 1899 2471 gazam
1943 2414 1979 2455 a
2018 2396 2266 2455 Vonone

268 2478 531 2538 relictam
567 2478 624 2535 in
660 2478 825 2536 Suria
860 2474 1175 2554 Ciliciaque
1210 2489 1623 2554 reposcerent;
1669 2479 1834 2538 simul
1865 2487 2096 2539 veteres
2124 2478 2260 2537 Per-

205 2592 255 2631 10
271 2579 461 2622 sarum
504 2578 575 2620 ac
610 2560 989 2621 Macedonum
1036 2562 1342 2637 terminos,
1385 2580 1568 2641 seque
1614 2565 1940 2623 invasurum
1991 2578 2264 2642 possessa

267 2647 509 2725 primum
542 2642 697 2721 Cyro
724 2654 787 2704 et
828 2654 964 2723 post
993 2643 1330 2704 Alexandro
1375 2664 1483 2724 per
1528 2648 2014 2726 vaniloquentiam
2053 2664 2122 2706 ac
2159 2647 2266 2725 mi·

270 2748 373 2789 nas
407 2728 674 2789 iaciebat.
736 2728 841 2788 sed
870 2727 1093 2788 Parthis
1121 2728 1380 2789 mittendi
1411 2739 1672 2791 secretos
1715 2734 1946 2791 nuntios
1983 2730 2270 2791 validissi-

268 2830 393 2871 mus
423 2820 623 2872 auctor
650 2811 755 2870 fuit
790 2814 1099 2889 Sinnaces,
1140 2812 1354 2889 insigni
1382 2814 1594 2875 familia
1638 2834 1708 2875 ac
1747 2815 1990 2895 perinde
2035 2814 2272 2893 opibus,

270 2906 329 2956 et
360 2898 657 2975 proximus
684 2895 817 2954 huic
851 2895 1055 2956 Abdus
1082 2896 1384 2975 ademptae
1411 2899 1712 2960 virilitatis.
1777 2918 1893 2960 non
1930 2899 2274 2979 despectum

202 3001 253 3040 ιε»
271 2980 329 3040 id
366 2979 516 3060 apud
560 2978 841 3041 barbaros
896 2980 1167 3059 ultroque
1219 2985 1533 3059 potentiam
1581 2983 1774 3044 habet.
1845 2984 1885 3042 ii
1926 2982 2168 3043 >adscitis
2211 2992 2276 3042 et

268 3064 397 3123 aliis
431 3062 807 3142 primoribus,
854 3066 983 3143 quia
1026 3066 1308 3125 neminem
1347 3070 1538 3143 gentis
1567 3067 1975 3127 Arsacidarum
2011 3084 2276 3127 summae

264 3149 353 3208 rei
378 3148 660 3225 inponere
693 3156 989 3226 poterant,
1031 3150 1352 3209 interfectis
1395 3150 1468 3211 ab
1496 3150 1794 3212 Artabano
1827 3152 2126 3230 plerisque
2175 3160 2278 3210 aut

266 3230 515 3291 nondum
542 3229 767 3308 adultis,
800 3231 1082 3295 Phraaten
1114 3236 1275 3311 regis
1308 3233 1571 3296 Phraatis
1611 3236 1787 3295 lilium
1827 3236 2011 3295 Roma
2054 3236 2274 3313 posce-

266 3312 432 3375 bant:
464 3316 691 3375 nomine
718 3325 931 3375 tantum
962 3327 1021 3378 et
1052 3328 1292 3379 auctore
1324 3336 1497 3397 opus,
1535 3328 1593 3380 ut
1621 3328 1830 3398 sponte
1865 3318 2164 3394 Caesaris,
2209 3327 2276 3377 ut

197 3426 249 3465 20
268 3414 453 3471 genus
484 3397 723 3459 Arsacis
747 3401 928 3479 ripam
960 3403 1114 3480 apud
1144 3402 1460 3481 Euphratis
1491 3412 1852 3463 cerneretur.

198 3489 267 3545 32
394 3479 495 3540 38.
537 3478 797 3561 Cupitum
836 3485 896 3545 id
928 3485 1195 3545 Tiberio:
1243 3495 1412 3545 ornat
1439 3486 1726 3547 Phraaten
1767 3486 2134 3565 accingitque
2163 3504 2274 3565 pa·
