<?xml version="1.0" encoding="UTF-8"?>
<!DOCTYPE html PUBLIC "-//W3C//DTD XHTML 1.0 Transitional//EN"
    "http://www.w3.org/TR/xhtml1/DTD/xhtml1-transitional.dtd">
<html xmlns="http://www.w3.org/1999/xhtml" xml:lang="en" lang="en">
 <head>
  <title>
</title>
<meta http-equiv="Content-Type" content="text/html;charset=utf-8" />
  <meta name='ocr-system' content='tesseract 3.04.00' />
  <meta name='ocr-capabilities' content='ocr_page ocr_carea ocr_par ocr_line ocrx_word'/>
</head>
<body>
  <div class='ocr_page' id='page_1' title='image "./corneltacitilib00unkngoog_0086.png"; bbox 0 0 2475 4000; ppageno 0'>
   <div class='ocr_carea' id='block_1_1' title="bbox 373 189 1855 249">
    <p class='ocr_par' dir='ltr' id='par_1_1' title="bbox 373 189 1855 249">
     <span class='ocr_line' id='line_1_1' title="bbox 373 189 1855 249; baseline -0.004 0"><span class='ocrx_word' id='word_1_1' title='bbox 373 189 452 249; x_wconf 82' lang='lat'><strong>24</strong></span> <span class='ocrx_word' id='word_1_2' title='bbox 883 199 1209 248; x_wconf 65' lang='lat' dir='ltr'><strong>conmanu</strong></span> <span class='ocrx_word' id='word_1_3' title='bbox 1235 197 1469 246; x_wconf 68' lang='lat' dir='ltr'><strong>norm</strong></span> <span class='ocrx_word' id='word_1_4' title='bbox 1492 197 1855 244; x_wconf 75' lang='lat' dir='ltr'>ANNALIUM</span> 
     </span>
    </p>
   </div>
   <div class='ocr_carea' id='block_1_2' title="bbox 369 349 2377 514">
    <p class='ocr_par' dir='ltr' id='par_1_2' title="bbox 369 349 2377 514">
     <span class='ocr_line' id='line_1_2' title="bbox 369 349 2377 432; baseline 0 -19"><span class='ocrx_word' id='word_1_5' title='bbox 369 356 540 431; x_wconf 79' lang='lat' dir='ltr'><strong>igitur</strong></span> <span class='ocrx_word' id='word_1_6' title='bbox 583 352 800 412; x_wconf 87' lang='lat' dir='ltr'><strong>Caesar</strong></span> <span class='ocrx_word' id='word_1_7' title='bbox 847 371 998 412; x_wconf 84' lang='lat' dir='ltr'><strong>arma</strong></span> <span class='ocrx_word' id='word_1_8' title='bbox 1046 352 1295 413; x_wconf 75' lang='lat' dir='ltr'><strong>classem</strong></span> <span class='ocrx_word' id='word_1_9' title='bbox 1334 351 1532 410; x_wconf 85' lang='lat' dir='ltr'><strong>socios</strong></span> <span class='ocrx_word' id='word_1_10' title='bbox 1570 349 1871 410; x_wconf 77' lang='lat' dir='ltr'><strong>demittere</strong></span> <span class='ocrx_word' id='word_1_11' title='bbox 1909 350 2121 410; x_wconf 83' lang='lat' dir='ltr'>Rheno</span> <span class='ocrx_word' id='word_1_12' title='bbox 2174 364 2377 432; x_wconf 83' lang='lat' dir='ltr'><strong>parat,</strong></span> 
     </span>
     <span class='ocr_line' id='line_1_3' title="bbox 372 434 2047 514; baseline -0.002 -19"><span class='ocrx_word' id='word_1_13' title='bbox 372 440 421 495; x_wconf 89' lang='lat' dir='ltr'><strong>si</strong></span> <span class='ocrx_word' id='word_1_14' title='bbox 449 435 745 514; x_wconf 86' lang='lat' dir='ltr'><strong>imperium</strong></span> <span class='ocrx_word' id='word_1_15' title='bbox 775 435 1147 512; x_wconf 87' lang='lat' dir='ltr'><strong>detrectetur,</strong></span> <span class='ocrx_word' id='word_1_16' title='bbox 1179 434 1340 495; x_wconf 88' lang='lat' dir='ltr'><strong>bello</strong></span> <span class='ocrx_word' id='word_1_17' title='bbox 1370 443 1714 494; x_wconf 86' lang='lat' dir='ltr'><strong>certaturus.</strong></span> <span class='ocrx_word' id='word_1_18' title='bbox 2036 445 2047 456; x_wconf 52' lang='lat'>⁸</span> 
     </span>
    </p>
   </div>
   <div class='ocr_carea' id='block_1_3' title="bbox 369 518 2460 680">
    <p class='ocr_par' dir='ltr' id='par_1_3' title="bbox 369 518 2460 680">
     <span class='ocr_line' id='line_1_4' title="bbox 491 518 2460 596; baseline -0.001 -16"><span class='ocrx_word' id='word_1_19' title='bbox 491 519 594 580; x_wconf 88' lang='lat'><strong>46.</strong></span> <span class='ocrx_word' id='word_1_20' title='bbox 635 519 710 578; x_wconf 89' lang='lat' dir='ltr'><strong>At</strong></span> <span class='ocrx_word' id='word_1_21' title='bbox 731 518 948 578; x_wconf 87' lang='lat' dir='ltr'><strong>Romae</strong></span> <span class='ocrx_word' id='word_1_22' title='bbox 983 520 1228 579; x_wconf 75' lang='lat' dir='ltr'><strong>nondum</strong></span> <span class='ocrx_word' id='word_1_23' title='bbox 1256 520 1523 594; x_wconf 82' lang='lat' dir='ltr'><strong>cognito,</strong></span> <span class='ocrx_word' id='word_1_24' title='bbox 1556 519 1651 596; x_wconf 86' lang='lat' dir='ltr'><strong>qui</strong></span> <span class='ocrx_word' id='word_1_25' title='bbox 1676 518 1879 578; x_wconf 84' lang='lat' dir='ltr'><strong>fuisset</strong></span> <span class='ocrx_word' id='word_1_26' title='bbox 1908 519 2099 578; x_wconf 84' lang='lat' dir='ltr'><strong>exitus</strong></span> <span class='ocrx_word' id='word_1_27' title='bbox 2128 520 2197 578; x_wconf 82' lang='lat' dir='ltr'><strong>in</strong></span> <span class='ocrx_word' id='word_1_28' title='bbox 2230 519 2369 596; x_wconf 72' lang='lat' dir='ltr'><strong>Illy·</strong></span> <span class='ocrx_word' id='word_1_29' title='bbox 2458 587 2460 592; x_wconf 88' lang='lat'><strong>.</strong></span> 
     </span>
     <span class='ocr_line' id='line_1_5' title="bbox 369 601 2460 680; baseline 0.001 -20"><span class='ocrx_word' id='word_1_30' title='bbox 369 603 514 676; x_wconf 89' lang='lat' dir='ltr'><strong>rico,</strong></span> <span class='ocrx_word' id='word_1_31' title='bbox 551 611 611 661; x_wconf 86' lang='lat' dir='ltr'><strong>et</strong></span> <span class='ocrx_word' id='word_1_32' title='bbox 645 603 931 679; x_wconf 79' lang='lat' dir='ltr'><strong>legionum</strong></span> <span class='ocrx_word' id='word_1_33' title='bbox 965 601 1425 662; x_wconf 82' lang='lat' dir='ltr'><strong>Germanicarum</strong></span> <span class='ocrx_word' id='word_1_34' title='bbox 1454 610 1610 660; x_wconf 88' lang='lat' dir='ltr'><strong>motu</strong></span> <span class='ocrx_word' id='word_1_35' title='bbox 1640 601 1855 676; x_wconf 88' lang='lat' dir='ltr'><strong>audito,</strong></span> <span class='ocrx_word' id='word_1_36' title='bbox 1894 602 2125 680; x_wconf 84' lang='lat' dir='ltr'><strong>trepida</strong></span> <span class='ocrx_word' id='word_1_37' title='bbox 2153 605 2371 662; x_wconf 82' lang='lat' dir='ltr'><strong>civitas</strong></span> <span class='ocrx_word' id='word_1_38' title='bbox 2458 623 2460 632; x_wconf 93' lang='grc'><strong><em>·</em></strong></span> 
     </span>
    </p>
   </div>
   <div class='ocr_carea' id='block_1_4' title="bbox 371 684 2370 763">
    <p class='ocr_par' dir='ltr' id='par_1_4' title="bbox 371 684 2370 763">
     <span class='ocr_line' id='line_1_6' title="bbox 371 684 2370 763; baseline 0 -19"><span class='ocrx_word' id='word_1_39' title='bbox 371 686 630 745; x_wconf 78' lang='lat' dir='ltr'><strong>incusare</strong></span> <span class='ocrx_word' id='word_1_40' title='bbox 661 686 948 745; x_wconf 77' lang='lat' dir='ltr'><strong>Tiberium</strong></span> <span class='ocrx_word' id='word_1_41' title='bbox 983 686 1168 762; x_wconf 81' lang='lat' dir='ltr'><strong>quod,</strong></span> <span class='ocrx_word' id='word_1_42' title='bbox 1198 685 1328 745; x_wconf 89' lang='lat' dir='ltr'><strong>dum</strong></span> <span class='ocrx_word' id='word_1_43' title='bbox 1357 694 1553 762; x_wconf 84' lang='lat' dir='ltr'><strong>patres</strong></span> <span class='ocrx_word' id='word_1_44' title='bbox 1585 694 1644 743; x_wconf 86' lang='lat' dir='ltr'><strong>et</strong></span> <span class='ocrx_word' id='word_1_45' title='bbox 1685 684 1950 763; x_wconf 89' lang='lat' dir='ltr'><strong>plebem,</strong></span> <span class='ocrx_word' id='word_1_46' title='bbox 1994 685 2265 746; x_wconf 85' lang='lat' dir='ltr'><strong>invalida</strong></span> <span class='ocrx_word' id='word_1_47' title='bbox 2318 697 2370 746; x_wconf 84' lang='lat' dir='ltr'><strong>et</strong></span> 
     </span>
    </p>
   </div>
   <div class='ocr_carea' id='block_1_5' title="bbox 322 767 2461 930">
    <p class='ocr_par' dir='ltr' id='par_1_5' title="bbox 322 767 2461 930">
     <span class='ocr_line' id='line_1_7' title="bbox 369 767 2461 847; baseline 0 -21"><span class='ocrx_word' id='word_1_48' title='bbox 369 769 621 843; x_wconf 77' lang='lat' dir='ltr'><strong>inermia,</strong></span> <span class='ocrx_word' id='word_1_49' title='bbox 656 771 1018 828; x_wconf 78' lang='lat' dir='ltr'><strong>cunctatione</strong></span> <span class='ocrx_word' id='word_1_50' title='bbox 1045 769 1177 828; x_wconf 83' lang='lat' dir='ltr'><strong>licta</strong></span> <span class='ocrx_word' id='word_1_51' title='bbox 1207 768 1561 847; x_wconf 84' lang='lat' dir='ltr'><strong>ludi-licetur,</strong></span> <span class='ocrx_word' id='word_1_52' title='bbox 1602 767 1877 828; x_wconf 77' lang='lat' dir='ltr'><strong>dissideat</strong></span> <span class='ocrx_word' id='word_1_53' title='bbox 1915 769 2151 828; x_wconf 86' lang='lat' dir='ltr'><strong>interim</strong></span> <span class='ocrx_word' id='word_1_54' title='bbox 2190 771 2367 829; x_wconf 84' lang='lat' dir='ltr'><strong>miles</strong></span> <span class='ocrx_word' id='word_1_55' title='bbox 2458 827 2461 834; x_wconf 77' lang='grc'><strong>,</strong></span> 
     </span>
     <span class='ocr_line' id='line_1_8' title="bbox 322 851 2461 930; baseline 0.003 -20"><span class='ocrx_word' id='word_1_56' title='bbox 322 862 346 900; x_wconf 83' lang='lat'>⁵</span> <span class='ocrx_word' id='word_1_57' title='bbox 373 869 558 930; x_wconf 90' lang='lat' dir='ltr'><strong>neque</strong></span> <span class='ocrx_word' id='word_1_58' title='bbox 593 853 826 912; x_wconf 89' lang='lat' dir='ltr'><strong>duorum</strong></span> <span class='ocrx_word' id='word_1_59' title='bbox 858 852 1307 912; x_wconf 86' lang='lat' dir='ltr'><strong>adulescentium</strong></span> <span class='ocrx_word' id='word_1_60' title='bbox 1336 853 1583 912; x_wconf 87' lang='lat' dir='ltr'><strong>nondum</strong></span> <span class='ocrx_word' id='word_1_61' title='bbox 1610 851 1800 912; x_wconf 83' lang='lat' dir='ltr'><strong>adulta</strong></span> <span class='ocrx_word' id='word_1_62' title='bbox 1820 852 2179 912; x_wconf 76' lang='lat' dir='ltr'><strong>auctoritate</strong></span> <span class='ocrx_word' id='word_1_63' title='bbox 2208 871 2364 913; x_wconf 89' lang='lat' dir='ltr'><strong>com·</strong></span> <span class='ocrx_word' id='word_1_64' title='bbox 2458 861 2461 916; x_wconf 75' lang='grc' dir='ltr'><strong>ἱ</strong></span> 
     </span>
    </p>
   </div>
   <div class='ocr_carea' id='block_1_6' title="bbox 276 935 2463 3509">
    <p class='ocr_par' dir='ltr' id='par_1_6' title="bbox 365 935 2363 1263">
     <span class='ocr_line' id='line_1_9' title="bbox 366 935 2363 1014; baseline 0.002 -21"><span class='ocrx_word' id='word_1_65' title='bbox 366 936 530 1013; x_wconf 86' lang='lat' dir='ltr'><strong>primi</strong></span> <span class='ocrx_word' id='word_1_66' title='bbox 565 944 756 1014; x_wconf 87' lang='lat' dir='ltr'><strong>queat.</strong></span> <span class='ocrx_word' id='word_1_67' title='bbox 809 935 894 994; x_wconf 85' lang='lat' dir='ltr'><strong>ire</strong></span> <span class='ocrx_word' id='word_1_68' title='bbox 919 937 1103 1014; x_wconf 85' lang='lat' dir='ltr'><strong>ipsum</strong></span> <span class='ocrx_word' id='word_1_69' title='bbox 1129 943 1188 994; x_wconf 89' lang='lat' dir='ltr'><strong>et</strong></span> <span class='ocrx_word' id='word_1_70' title='bbox 1210 952 1513 1013; x_wconf 89' lang='lat' dir='ltr'><strong>opponere</strong></span> <span class='ocrx_word' id='word_1_71' title='bbox 1539 936 1892 996; x_wconf 83' lang='lat' dir='ltr'><strong>maiestatem</strong></span> <span class='ocrx_word' id='word_1_72' title='bbox 1920 936 2363 1013; x_wconf 73' lang='lat' dir='ltr'><strong>imperatoriam</strong></span> 
     </span>
     <span class='ocr_line' id='line_1_10' title="bbox 366 1018 2360 1102; baseline 0.002 -25"><span class='ocrx_word' id='word_1_73' title='bbox 366 1018 636 1078; x_wconf 77' lang='lat' dir='ltr'><strong>debuisse</strong></span> <span class='ocrx_word' id='word_1_74' title='bbox 669 1019 952 1093; x_wconf 85' lang='lat' dir='ltr'><strong>cessuris,</strong></span> <span class='ocrx_word' id='word_1_75' title='bbox 994 1018 1093 1078; x_wconf 91' lang='lat' dir='ltr'><strong>uhi</strong></span> <span class='ocrx_word' id='word_1_76' title='bbox 1127 1019 1445 1102; x_wconf 88' lang='lat' dir='ltr'><strong>principem</strong></span> <span class='ocrx_word' id='word_1_77' title='bbox 1476 1019 1647 1095; x_wconf 79' lang='lat' dir='ltr'><strong>longa</strong></span> <span class='ocrx_word' id='word_1_78' title='bbox 1674 1020 2033 1096; x_wconf 81' lang='lat' dir='ltr'><strong>experientia</strong></span> <span class='ocrx_word' id='word_1_79' title='bbox 2078 1022 2360 1080; x_wconf 83' lang='lat' dir='ltr'><strong>eundem·</strong></span> 
     </span>
     <span class='ocr_line' id='line_1_11' title="bbox 367 1101 2357 1179; baseline 0.001 -19"><span class='ocrx_word' id='word_1_80' title='bbox 367 1119 477 1179; x_wconf 89' lang='lat' dir='ltr'><strong>que</strong></span> <span class='ocrx_word' id='word_1_81' title='bbox 509 1102 837 1161; x_wconf 86' lang='lat' dir='ltr'><strong>severitatis</strong></span> <span class='ocrx_word' id='word_1_82' title='bbox 879 1111 940 1160; x_wconf 88' lang='lat' dir='ltr'><strong>et</strong></span> <span class='ocrx_word' id='word_1_83' title='bbox 981 1103 1399 1162; x_wconf 82' lang='lat' dir='ltr'><strong>munificentiae</strong></span> <span class='ocrx_word' id='word_1_84' title='bbox 1444 1119 1717 1162; x_wconf 78' lang='lat' dir='ltr'><strong>summum</strong></span> <span class='ocrx_word' id='word_1_85' title='bbox 1755 1101 2055 1162; x_wconf 84' lang='lat' dir='ltr'><strong>vidissent.</strong></span> <span class='ocrx_word' id='word_1_86' title='bbox 2118 1121 2203 1164; x_wconf 85' lang='lat' dir='ltr'><strong>an</strong></span> <span class='ocrx_word' id='word_1_87' title='bbox 2244 1105 2357 1162; x_wconf 89' lang='lat' dir='ltr'><strong>Au-</strong></span> 
     </span>
     <span class='ocr_line' id='line_1_12' title="bbox 365 1184 2354 1263; baseline 0.001 -21"><span class='ocrx_word' id='word_1_88' title='bbox 365 1193 590 1261; x_wconf 79' lang='lat' dir='ltr'><strong>gustum</strong></span> <span class='ocrx_word' id='word_1_89' title='bbox 621 1184 998 1244; x_wconf 71' lang='lat' dir='ltr'><strong>fessa‘aetate</strong></span> <span class='ocrx_word' id='word_1_90' title='bbox 1029 1186 1240 1245; x_wconf 82' lang='lat' dir='ltr'><strong>totiens</strong></span> <span class='ocrx_word' id='word_1_91' title='bbox 1265 1187 1321 1244; x_wconf 89' lang='lat' dir='ltr'><strong>in</strong></span> <span class='ocrx_word' id='word_1_92' title='bbox 1345 1185 1673 1246; x_wconf 84' lang='lat' dir='ltr'><strong>Germanias</strong></span> <span class='ocrx_word' id='word_1_93' title='bbox 1698 1202 2021 1245; x_wconf 82' lang='lat' dir='ltr'><strong>commeare</strong></span> <span class='ocrx_word' id='word_1_94' title='bbox 2050 1189 2354 1263; x_wconf 87' lang='lat' dir='ltr'><strong>potuisse:</strong></span> 
     </span>
    </p>

    <p class='ocr_par' dir='ltr' id='par_1_7' title="bbox 299 1267 2353 1514">
     <span class='ocr_line' id='line_1_13' title="bbox 299 1267 2353 1347; baseline 0.001 -21"><span class='ocrx_word' id='word_1_95' title='bbox 299 1267 347 1308; x_wconf 89' lang='lat'><strong>¹⁰</strong></span> <span class='ocrx_word' id='word_1_96' title='bbox 365 1267 654 1326; x_wconf 85' lang='lat' dir='ltr'><strong>Tiberium</strong></span> <span class='ocrx_word' id='word_1_97' title='bbox 685 1269 973 1344; x_wconf 78' lang='lat' dir='ltr'><strong>vigentem</strong></span> <span class='ocrx_word' id='word_1_98' title='bbox 1009 1272 1167 1328; x_wconf 89' lang='lat' dir='ltr'><strong>annis</strong></span> <span class='ocrx_word' id='word_1_99' title='bbox 1197 1271 1409 1329; x_wconf 88' lang='lat' dir='ltr'><strong>sedere</strong></span> <span class='ocrx_word' id='word_1_100' title='bbox 1440 1271 1497 1328; x_wconf 88' lang='lat' dir='ltr'><strong>in</strong></span> <span class='ocrx_word' id='word_1_101' title='bbox 1524 1279 1747 1344; x_wconf 88' lang='lat' dir='ltr'><strong>senatu,</strong></span> <span class='ocrx_word' id='word_1_102' title='bbox 1783 1269 1965 1329; x_wconf 84' lang='lat' dir='ltr'><strong>verba</strong></span> <span class='ocrx_word' id='word_1_103' title='bbox 1994 1278 2236 1347; x_wconf 71' lang='lat' dir='ltr'><strong>patrum</strong></span> <span class='ocrx_word' id='word_1_104' title='bbox 2266 1290 2353 1329; x_wconf 87' lang='lat' dir='ltr'><strong>ca·</strong></span> 
     </span>
     <span class='ocr_line' id='line_1_14' title="bbox 363 1347 2351 1430; baseline 0.002 -22"><span class='ocrx_word' id='word_1_105' title='bbox 363 1347 696 1409; x_wconf 82' lang='lat' dir='ltr'><strong>villantem?</strong></span> <span class='ocrx_word' id='word_1_106' title='bbox 740 1353 876 1411; x_wconf 86' lang='lat' dir='ltr'><strong>satis</strong></span> <span class='ocrx_word' id='word_1_107' title='bbox 923 1362 1296 1430; x_wconf 86' lang='lat' dir='ltr'><strong>prospectum</strong></span> <span class='ocrx_word' id='word_1_108' title='bbox 1350 1352 1605 1412; x_wconf 87' lang='lat' dir='ltr'><strong>urbanae</strong></span> <span class='ocrx_word' id='word_1_109' title='bbox 1660 1353 1951 1412; x_wconf 83' lang='lat' dir='ltr'><strong>servituti:</strong></span> <span class='ocrx_word' id='word_1_110' title='bbox 2002 1353 2351 1414; x_wconf 84' lang='lat' dir='ltr'><strong>militaribus</strong></span> 
     </span>
     <span class='ocr_line' id='line_1_15' title="bbox 364 1431 1939 1514; baseline 0.003 -24"><span class='ocrx_word' id='word_1_111' title='bbox 364 1433 561 1490; x_wconf 89' lang='lat' dir='ltr'><strong>animis</strong></span> <span class='ocrx_word' id='word_1_112' title='bbox 591 1431 910 1493; x_wconf 88' lang='lat' dir='ltr'><strong>adhibenda</strong></span> <span class='ocrx_word' id='word_1_113' title='bbox 945 1435 1215 1510; x_wconf 82' lang='lat' dir='ltr'><strong>fomenta,</strong></span> <span class='ocrx_word' id='word_1_114' title='bbox 1246 1446 1307 1494; x_wconf 88' lang='lat' dir='ltr'><strong>ut</strong></span> <span class='ocrx_word' id='word_1_115' title='bbox 1332 1435 1493 1496; x_wconf 84' lang='lat' dir='ltr'><strong>ferre</strong></span> <span class='ocrx_word' id='word_1_116' title='bbox 1521 1453 1724 1514; x_wconf 83' lang='lat' dir='ltr'><strong>pacem</strong></span> <span class='ocrx_word' id='word_1_117' title='bbox 1744 1437 1939 1496; x_wconf 75' lang='lat' dir='ltr'><strong>velint.</strong></span> 
     </span>
    </p>

    <p class='ocr_par' dir='ltr' id='par_1_8' title="bbox 360 1513 2347 1848">
     <span class='ocr_line' id='line_1_16' title="bbox 487 1513 2347 1597; baseline 0.002 -24"><span class='ocrx_word' id='word_1_118' title='bbox 487 1514 586 1574; x_wconf 85' lang='lat'><strong>47.</strong></span> <span class='ocrx_word' id='word_1_119' title='bbox 649 1513 924 1575; x_wconf 88' lang='lat' dir='ltr'><strong>Inmotum</strong></span> <span class='ocrx_word' id='word_1_120' title='bbox 967 1519 1245 1578; x_wconf 85' lang='lat' dir='ltr'><strong>adversus</strong></span> <span class='ocrx_word' id='word_1_121' title='bbox 1286 1537 1392 1578; x_wconf 89' lang='lat' dir='ltr'><strong>eos</strong></span> <span class='ocrx_word' id='word_1_122' title='bbox 1434 1537 1730 1580; x_wconf 87' lang='lat' dir='ltr'><strong>sermones</strong></span> <span class='ocrx_word' id='word_1_123' title='bbox 1782 1522 2072 1597; x_wconf 82' lang='lat' dir='ltr'><strong>fixumque</strong></span> <span class='ocrx_word' id='word_1_124' title='bbox 2108 1519 2347 1580; x_wconf 81' lang='lat' dir='ltr'><strong>Tiberio</strong></span> 
     </span>
     <span class='ocr_line' id='line_1_17' title="bbox 360 1597 2345 1681; baseline 0.002 -24"><span class='ocrx_word' id='word_1_125' title='bbox 360 1597 600 1657; x_wconf 83' lang='lat' dir='ltr'><strong>fuit-non</strong></span> <span class='ocrx_word' id='word_1_126' title='bbox 635 1600 900 1659; x_wconf 88' lang='lat' dir='ltr'><strong>omittere</strong></span> <span class='ocrx_word' id='word_1_127' title='bbox 933 1611 1102 1680; x_wconf 87' lang='lat' dir='ltr'><strong>caput</strong></span> <span class='ocrx_word' id='word_1_128' title='bbox 1132 1621 1323 1662; x_wconf 89' lang='lat' dir='ltr'><strong>rerum</strong></span> <span class='ocrx_word' id='word_1_129' title='bbox 1349 1621 1540 1680; x_wconf 83' lang='lat' dir='ltr'><strong>neque</strong></span> <span class='ocrx_word' id='word_1_130' title='bbox 1588 1622 1651 1664; x_wconf 86' lang='lat' dir='ltr'><strong>se</strong></span> <span class='ocrx_word' id='word_1_131' title='bbox 1682 1621 1921 1681; x_wconf 86' lang='lat' dir='ltr'><strong>remque</strong></span> <span class='ocrx_word' id='word_1_132' title='bbox 1952 1603 2262 1681; x_wconf 80' lang='lat' dir='ltr'><strong>publicam</strong></span> <span class='ocrx_word' id='word_1_133' title='bbox 2300 1605 2345 1660; x_wconf 87' lang='lat' dir='ltr'><strong>in</strong></span> 
     </span>
     <span class='ocr_line' id='line_1_18' title="bbox 363 1673 2346 1765; baseline 0.002 -25"><span class='ocrx_word' id='word_1_134' title='bbox 363 1697 556 1740; x_wconf 88' lang='lat' dir='ltr'><strong>casum</strong></span> <span class='ocrx_word' id='word_1_135' title='bbox 589 1681 744 1741; x_wconf 89' lang='lat' dir='ltr'><strong>dare.</strong></span> <span class='ocrx_word' id='word_1_136' title='bbox 803 1683 975 1743; x_wconf 90' lang='lat' dir='ltr'><strong>multa</strong></span> <span class='ocrx_word' id='word_1_137' title='bbox 1001 1673 1221 1764; x_wconf 78' lang='lat' dir='ltr'><strong>quipr</strong></span> <span class='ocrx_word' id='word_1_138' title='bbox 1244 1695 1303 1745; x_wconf 90' lang='lat' dir='ltr'><strong>et</strong></span> <span class='ocrx_word' id='word_1_139' title='bbox 1323 1687 1553 1747; x_wconf 87' lang='lat' dir='ltr'><strong>diversa</strong></span> <span class='ocrx_word' id='word_1_140' title='bbox 1582 1686 1898 1764; x_wconf 80' lang='lat' dir='ltr'><strong>angebant:</strong></span> <span class='ocrx_word' id='word_1_141' title='bbox 1940 1687 2207 1756; x_wconf 71' lang='lat' dir='ltr'><strong>‚validior</strong></span> <span class='ocrx_word' id='word_1_142' title='bbox 2252 1705 2346 1765; x_wconf 88' lang='lat' dir='ltr'><strong>per</strong></span> 
     </span>
     <span class='ocr_line' id='line_1_19' title="bbox 363 1762 2344 1848; baseline 0.003 -25"><span class='ocrx_word' id='word_1_143' title='bbox 363 1762 716 1824; x_wconf 87' lang='lat' dir='ltr'><strong>Germaniam</strong></span> <span class='ocrx_word' id='word_1_144' title='bbox 747 1769 1070 1845; x_wconf 87' lang='lat' dir='ltr'><strong>exercitus,</strong></span> <span class='ocrx_word' id='word_1_145' title='bbox 1111 1772 1353 1848; x_wconf 86' lang='lat' dir='ltr'><strong>pro&#39;pior</strong></span> <span class='ocrx_word' id='word_1_146' title='bbox 1392 1772 1543 1848; x_wconf 89' lang='lat' dir='ltr'><strong>apud</strong></span> <span class='ocrx_word' id='word_1_147' title='bbox 1584 1771 1955 1838; x_wconf 66' lang='lat' dir='ltr'><strong>Pannoniam</strong></span> <span class='ocrx_word' id='word_1_148' title='bbox 1992 1770 2098 1829; x_wconf 85' lang='lat' dir='ltr'><strong>ille</strong></span> <span class='ocrx_word' id='word_1_149' title='bbox 2134 1770 2344 1830; x_wconf 85' lang='lat' dir='ltr'><strong>Gallia·</strong></span> 
     </span>
    </p>

    <p class='ocr_par' dir='ltr' id='par_1_9' title="bbox 313 1847 2463 2266">
     <span class='ocr_line' id='line_1_20' title="bbox 313 1847 2343 1932; baseline 0.004 -29"><span class='ocrx_word' id='word_1_150' title='bbox 313 1851 338 1890; x_wconf 87' lang='lat'>⁵</span> <span class='ocrx_word' id='word_1_151' title='bbox 363 1863 483 1905; x_wconf 89' lang='lat' dir='ltr'><strong>rum</strong></span> <span class='ocrx_word' id='word_1_152' title='bbox 515 1847 721 1924; x_wconf 88' lang='lat' dir='ltr'><strong>opibus</strong></span> <span class='ocrx_word' id='word_1_153' title='bbox 755 1850 1050 1928; x_wconf 84' lang='lat' dir='ltr'><strong>subnixus,</strong></span> <span class='ocrx_word' id='word_1_154' title='bbox 1081 1854 1174 1913; x_wconf 85' lang='lat' dir='ltr'><strong>liic</strong></span> <span class='ocrx_word' id='word_1_155' title='bbox 1201 1853 1403 1913; x_wconf 82' lang='lat' dir='ltr'><strong>Italiae</strong></span> <span class='ocrx_word' id='word_1_156' title='bbox 1432 1855 1739 1914; x_wconf 83' lang='lat' dir='ltr'><strong>inminens:</strong></span> <span class='ocrx_word' id='word_1_157' title='bbox 1785 1871 1931 1932; x_wconf 89' lang='lat' dir='ltr'><strong>quos</strong></span> <span class='ocrx_word' id='word_1_158' title='bbox 1972 1855 2148 1930; x_wconf 84' lang='lat' dir='ltr'><strong>igitur</strong></span> <span class='ocrx_word' id='word_1_159' title='bbox 2192 1863 2343 1914; x_wconf 89' lang='lat' dir='ltr'><strong>ante-</strong></span> 
     </span>
     <span class='ocr_line' id='line_1_21' title="bbox 356 1927 2463 2015; baseline 0.003 -28"><span class='ocrx_word' id='word_1_160' title='bbox 356 1927 579 1989; x_wconf 77' lang='lat' dir='ltr'><strong>ferret?</strong></span> <span class='ocrx_word' id='word_1_161' title='bbox 629 1949 697 1992; x_wconf 92' lang='lat' dir='ltr'><strong>ac</strong></span> <span class='ocrx_word' id='word_1_162' title='bbox 742 1953 813 1993; x_wconf 91' lang='lat' dir='ltr'><strong>ne</strong></span> <span class='ocrx_word' id='word_1_163' title='bbox 861 1938 1170 2015; x_wconf 85' lang='lat' dir='ltr'><strong>postpositi</strong></span> <span class='ocrx_word' id='word_1_164' title='bbox 1217 1937 1561 1999; x_wconf 77' lang='lat' dir='ltr'><strong>contumelia</strong></span> <span class='ocrx_word' id='word_1_165' title='bbox 1606 1937 2069 1999; x_wconf 85' lang='lat' dir='ltr'><strong>incenderentur.</strong></span> <span class='ocrx_word' id='word_1_166' title='bbox 2132 1946 2194 1996; x_wconf 91' lang='lat' dir='ltr'><strong>at</strong></span> <span class='ocrx_word' id='word_1_167' title='bbox 2242 1954 2346 2015; x_wconf 86' lang='lat' dir='ltr'><strong>per</strong></span> <span class='ocrx_word' id='word_1_168' title='bbox 2456 1981 2463 2007; x_wconf 43' lang='lat'>1</span> 
     </span>
     <span class='ocr_line' id='line_1_22' title="bbox 355 2013 2343 2099; baseline 0.004 -28"><span class='ocrx_word' id='word_1_169' title='bbox 355 2013 507 2089; x_wconf 75' lang='lat' dir='ltr'><strong>filios</strong></span> <span class='ocrx_word' id='word_1_170' title='bbox 539 2019 754 2093; x_wconf 83' lang='lat' dir='ltr'><strong>pariter</strong></span> <span class='ocrx_word' id='word_1_171' title='bbox 782 2020 924 2080; x_wconf 85' lang='lat' dir='ltr'><strong>adiri</strong></span> <span class='ocrx_word' id='word_1_172' title='bbox 953 2024 1251 2083; x_wconf 86' lang='lat' dir='ltr'><strong>maiestate</strong></span> <span class='ocrx_word' id='word_1_173' title='bbox 1286 2023 1478 2097; x_wconf 77' lang='lat' dir='ltr'><strong>salva,</strong></span> <span class='ocrx_word' id='word_1_174' title='bbox 1510 2024 1601 2081; x_wconf 86' lang='lat' dir='ltr'><strong>cui</strong></span> <span class='ocrx_word' id='word_1_175' title='bbox 1622 2024 1805 2083; x_wconf 89' lang='lat' dir='ltr'><strong>maior</strong></span> <span class='ocrx_word' id='word_1_176' title='bbox 1833 2042 1866 2081; x_wconf 92' lang='lat' dir='ltr'><strong>e</strong></span> <span class='ocrx_word' id='word_1_177' title='bbox 1898 2022 2224 2099; x_wconf 79' lang='lat' dir='ltr'><strong>longinquo</strong></span> <span class='ocrx_word' id='word_1_178' title='bbox 2258 2039 2343 2079; x_wconf 90' lang='lat' dir='ltr'><strong>re-</strong></span> 
     </span>
     <span class='ocr_line' id='line_1_23' title="bbox 354 2100 2340 2183; baseline 0.005 -29"><span class='ocrx_word' id='word_1_179' title='bbox 354 2100 634 2159; x_wconf 84' lang='lat' dir='ltr'><strong>verentia.</strong></span> <span class='ocrx_word' id='word_1_180' title='bbox 698 2103 862 2161; x_wconf 87' lang='lat' dir='ltr'><strong>simnl</strong></span> <span class='ocrx_word' id='word_1_181' title='bbox 909 2104 1375 2165; x_wconf 84' lang='lat' dir='ltr'><strong>adulescentibus</strong></span> <span class='ocrx_word' id='word_1_182' title='bbox 1420 2115 1751 2165; x_wconf 83' lang='lat' dir='ltr'><strong>excusatum</strong></span> <span class='ocrx_word' id='word_1_183' title='bbox 1799 2104 2079 2183; x_wconf 84' lang='lat' dir='ltr'><strong>quaedam</strong></span> <span class='ocrx_word' id='word_1_184' title='bbox 2126 2102 2204 2163; x_wconf 87' lang='lat' dir='ltr'><strong>ad</strong></span> <span class='ocrx_word' id='word_1_185' title='bbox 2253 2122 2340 2182; x_wconf 85' lang='lat' dir='ltr'><strong>pa-</strong></span> 
     </span>
     <span class='ocr_line' id='line_1_24' title="bbox 354 2182 2341 2266; baseline 0.005 -30"><span class='ocrx_word' id='word_1_186' title='bbox 354 2188 502 2237; x_wconf 87' lang='lat' dir='ltr'><strong>trem</strong></span> <span class='ocrx_word' id='word_1_187' title='bbox 531 2182 780 2255; x_wconf 81' lang='lat' dir='ltr'><strong>reicere,</strong></span> <span class='ocrx_word' id='word_1_188' title='bbox 812 2187 1252 2266; x_wconf 83' lang='lat' dir='ltr'><strong>resistentisque</strong></span> <span class='ocrx_word' id='word_1_189' title='bbox 1278 2188 1615 2249; x_wconf 86' lang='lat' dir='ltr'><strong>Germanico</strong></span> <span class='ocrx_word' id='word_1_190' title='bbox 1640 2199 1735 2249; x_wconf 84' lang='lat' dir='ltr'><strong>aut</strong></span> <span class='ocrx_word' id='word_1_191' title='bbox 1762 2189 1953 2248; x_wconf 83' lang='lat' dir='ltr'><strong>Druso</strong></span> <span class='ocrx_word' id='word_1_192' title='bbox 1984 2204 2169 2264; x_wconf 87' lang='lat' dir='ltr'><strong>posse</strong></span> <span class='ocrx_word' id='word_1_193' title='bbox 2216 2206 2253 2246; x_wconf 84' lang='lat' dir='ltr'><strong>a</strong></span> <span class='ocrx_word' id='word_1_194' title='bbox 2284 2205 2341 2246; x_wconf 86' lang='lat' dir='ltr'><strong>se</strong></span> 
     </span>
    </p>

    <p class='ocr_par' dir='ltr' id='par_1_10' title="bbox 285 2261 2343 2671">
     <span class='ocr_line' id='line_1_25' title="bbox 285 2261 2343 2347; baseline 0.005 -29"><span class='ocrx_word' id='word_1_195' title='bbox 285 2278 336 2318; x_wconf 87' lang='lat'><strong>10</strong></span> <span class='ocrx_word' id='word_1_196' title='bbox 353 2261 596 2335; x_wconf 85' lang='lat' dir='ltr'><strong>mitigari</strong></span> <span class='ocrx_word' id='word_1_197' title='bbox 625 2264 722 2323; x_wconf 90' lang='lat' dir='ltr'><strong>vel</strong></span> <span class='ocrx_word' id='word_1_198' title='bbox 753 2266 1012 2342; x_wconf 83' lang='lat' dir='ltr'><strong>infringi:</strong></span> <span class='ocrx_word' id='word_1_199' title='bbox 1051 2273 1204 2347; x_wconf 88' lang='lat' dir='ltr'><strong>quod</strong></span> <span class='ocrx_word' id='word_1_200' title='bbox 1244 2271 1397 2330; x_wconf 81' lang='lat' dir='ltr'><strong>aliud</strong></span> <span class='ocrx_word' id='word_1_201' title='bbox 1438 2272 1781 2346; x_wconf 81' lang='lat' dir='ltr'><strong>subsidium,</strong></span> <span class='ocrx_word' id='word_1_202' title='bbox 1835 2273 1884 2330; x_wconf 89' lang='lat' dir='ltr'><strong>si</strong></span> <span class='ocrx_word' id='word_1_203' title='bbox 1931 2272 2343 2345; x_wconf 85' lang='lat' dir='ltr'><strong>imperatorem</strong></span> 
     </span>
     <span class='ocr_line' id='line_1_26' title="bbox 351 2344 2341 2429; baseline 0.004 -27"><span class='ocrx_word' id='word_1_204' title='bbox 351 2344 755 2420; x_wconf 77' lang='lat' dir='ltr'><strong>sprevissent?</strong></span> <span class='ocrx_word' id='word_1_205' title='bbox 797 2357 1053 2408; x_wconf 87' lang='lat' dir='ltr'><strong>ceterum</strong></span> <span class='ocrx_word' id='word_1_206' title='bbox 1093 2362 1155 2411; x_wconf 91' lang='lat' dir='ltr'><strong>ut</strong></span> <span class='ocrx_word' id='word_1_207' title='bbox 1205 2354 1315 2410; x_wconf 89' lang='lat' dir='ltr'><strong>iam</strong></span> <span class='ocrx_word' id='word_1_208' title='bbox 1365 2354 1590 2429; x_wconf 84' lang='lat' dir='ltr'><strong>iamque</strong></span> <span class='ocrx_word' id='word_1_209' title='bbox 1636 2355 1815 2413; x_wconf 87' lang='lat' dir='ltr'><strong>itur-us</strong></span> <span class='ocrx_word' id='word_1_210' title='bbox 1872 2352 2017 2425; x_wconf 81' lang='lat' dir='ltr'><strong>legit</strong></span> <span class='ocrx_word' id='word_1_211' title='bbox 2072 2354 2341 2424; x_wconf 84' lang='lat' dir='ltr'><strong>comites,</strong></span> 
     </span>
     <span class='ocr_line' id='line_1_27' title="bbox 353 2429 2343 2507; baseline 0.004 -24"><span class='ocrx_word' id='word_1_212' title='bbox 353 2429 692 2504; x_wconf 81' lang='lat' dir='ltr'><strong>conquisivit</strong></span> <span class='ocrx_word' id='word_1_213' title='bbox 727 2430 1149 2507; x_wconf 84' lang='lat' dir='ltr'><strong>impedimenta,</strong></span> <span class='ocrx_word' id='word_1_214' title='bbox 1183 2436 1481 2491; x_wconf 76' lang='lat' dir='ltr'><strong>adornavit</strong></span> <span class='ocrx_word' id='word_1_215' title='bbox 1516 2451 1727 2492; x_wconf 82' lang='lat' dir='ltr'><strong>naves:</strong></span> <span class='ocrx_word' id='word_1_216' title='bbox 1772 2449 1906 2491; x_wconf 81' lang='lat' dir='ltr'><strong>mox</strong></span> <span class='ocrx_word' id='word_1_217' title='bbox 1956 2432 2208 2493; x_wconf 83' lang='lat' dir='ltr'><strong>hiemem</strong></span> <span class='ocrx_word' id='word_1_218' title='bbox 2250 2442 2343 2493; x_wconf 88' lang='lat' dir='ltr'><strong>aut</strong></span> 
     </span>
     <span class='ocr_line' id='line_1_28' title="bbox 350 2512 2336 2592; baseline 0.004 -25"><span class='ocrx_word' id='word_1_219' title='bbox 350 2512 580 2585; x_wconf 81' lang='lat' dir='ltr'><strong>negotia</strong></span> <span class='ocrx_word' id='word_1_220' title='bbox 617 2514 777 2571; x_wconf 88' lang='lat' dir='ltr'><strong>varie</strong></span> <span class='ocrx_word' id='word_1_221' title='bbox 811 2521 1074 2571; x_wconf 84' lang='lat' dir='ltr'><strong>causatus</strong></span> <span class='ocrx_word' id='word_1_222' title='bbox 1103 2515 1288 2591; x_wconf 89' lang='lat' dir='ltr'><strong>primo</strong></span> <span class='ocrx_word' id='word_1_223' title='bbox 1319 2515 1654 2590; x_wconf 83' lang='lat' dir='ltr'><strong>prudentes,</strong></span> <span class='ocrx_word' id='word_1_224' title='bbox 1678 2516 1811 2575; x_wconf 88' lang='lat' dir='ltr'><strong>dein</strong></span> <span class='ocrx_word' id='word_1_225' title='bbox 1833 2515 2099 2592; x_wconf 84' lang='lat' dir='ltr'><strong>vulgum,</strong></span> <span class='ocrx_word' id='word_1_226' title='bbox 2140 2515 2336 2575; x_wconf 88' lang='lat' dir='ltr'><strong>diutis-</strong></span> 
     </span>
     <span class='ocr_line' id='line_1_29' title="bbox 349 2594 1116 2671; baseline 0.007 -22"><span class='ocrx_word' id='word_1_227' title='bbox 349 2594 494 2653; x_wconf 89' lang='lat' dir='ltr'><strong>sime</strong></span> <span class='ocrx_word' id='word_1_228' title='bbox 523 2596 854 2671; x_wconf 83' lang='lat' dir='ltr'><strong>provincias</strong></span> <span class='ocrx_word' id='word_1_229' title='bbox 883 2594 1116 2654; x_wconf 85' lang='lat' dir='ltr'><strong>fefellit.</strong></span> 
     </span>
    </p>

    <p class='ocr_par' dir='ltr' id='par_1_11' title="bbox 344 2676 2335 3011">
     <span class='ocr_line' id='line_1_30' title="bbox 475 2676 2334 2762; baseline 0.003 -26"><span class='ocrx_word' id='word_1_230' title='bbox 475 2676 575 2737; x_wconf 88' lang='lat'><strong>48.</strong></span> <span class='ocrx_word' id='word_1_231' title='bbox 623 2676 700 2735; x_wconf 88' lang='lat' dir='ltr'><strong>At</strong></span> <span class='ocrx_word' id='word_1_232' title='bbox 734 2676 1123 2753; x_wconf 77' lang='lat' dir='ltr'><strong>GermauieuS,</strong></span> <span class='ocrx_word' id='word_1_233' title='bbox 1161 2696 1496 2757; x_wconf 87' lang='lat' dir='ltr'><strong>quamquam</strong></span> <span class='ocrx_word' id='word_1_234' title='bbox 1527 2689 1823 2741; x_wconf 89' lang='lat' dir='ltr'><strong>contracto</strong></span> <span class='ocrx_word' id='word_1_235' title='bbox 1856 2683 2117 2742; x_wconf 86' lang='lat' dir='ltr'><strong>exercitu</strong></span> <span class='ocrx_word' id='word_1_236' title='bbox 2150 2693 2213 2741; x_wconf 88' lang='lat' dir='ltr'><strong>et</strong></span> <span class='ocrx_word' id='word_1_237' title='bbox 2237 2702 2334 2762; x_wconf 89' lang='lat' dir='ltr'><strong>pa-</strong></span> 
     </span>
     <span class='ocr_line' id='line_1_31' title="bbox 344 2759 2335 2843; baseline 0.004 -26"><span class='ocrx_word' id='word_1_238' title='bbox 344 2768 467 2818; x_wconf 90' lang='lat' dir='ltr'><strong>rata</strong></span> <span class='ocrx_word' id='word_1_239' title='bbox 497 2760 553 2817; x_wconf 89' lang='lat' dir='ltr'><strong>in</strong></span> <span class='ocrx_word' id='word_1_240' title='bbox 583 2759 917 2819; x_wconf 79' lang='lat' dir='ltr'><strong>defectores</strong></span> <span class='ocrx_word' id='word_1_241' title='bbox 947 2762 1197 2838; x_wconf 84' lang='lat' dir='ltr'><strong>ultione,</strong></span> <span class='ocrx_word' id='word_1_242' title='bbox 1248 2763 1489 2822; x_wconf 89' lang='lat' dir='ltr'><strong>dandum</strong></span> <span class='ocrx_word' id='word_1_243' title='bbox 1536 2764 1721 2825; x_wconf 87' lang='lat' dir='ltr'><strong>adbuc</strong></span> <span class='ocrx_word' id='word_1_244' title='bbox 1763 2768 2006 2843; x_wconf 87' lang='lat' dir='ltr'><strong>spatium</strong></span> <span class='ocrx_word' id='word_1_245' title='bbox 2048 2774 2241 2841; x_wconf 87' lang='lat' dir='ltr'><strong>ratus,</strong></span> <span class='ocrx_word' id='word_1_246' title='bbox 2283 2768 2335 2825; x_wconf 90' lang='lat' dir='ltr'><strong>si</strong></span> 
     </span>
     <span class='ocr_line' id='line_1_32' title="bbox 345 2843 2332 2926; baseline 0.005 -26"><span class='ocrx_word' id='word_1_247' title='bbox 345 2843 567 2901; x_wconf 88' lang='lat' dir='ltr'><strong>recenti</strong></span> <span class='ocrx_word' id='word_1_248' title='bbox 603 2843 873 2920; x_wconf 89' lang='lat' dir='ltr'><strong>exemplo</strong></span> <span class='ocrx_word' id='word_1_249' title='bbox 905 2844 1014 2903; x_wconf 89' lang='lat' dir='ltr'><strong>sibi</strong></span> <span class='ocrx_word' id='word_1_250' title='bbox 1057 2847 1168 2923; x_wconf 83' lang='lat' dir='ltr'><strong>ipsi</strong></span> <span class='ocrx_word' id='word_1_251' title='bbox 1215 2846 1614 2921; x_wconf 86' lang='lat' dir='ltr'><strong>consulerent,</strong></span> <span class='ocrx_word' id='word_1_252' title='bbox 1659 2850 1967 2926; x_wconf 88' lang='lat' dir='ltr'><strong>praemittit</strong></span> <span class='ocrx_word' id='word_1_253' title='bbox 2014 2850 2216 2909; x_wconf 84' lang='lat' dir='ltr'><strong>literas</strong></span> <span class='ocrx_word' id='word_1_254' title='bbox 2258 2850 2332 2909; x_wconf 88' lang='lat' dir='ltr'><strong>ad</strong></span> 
     </span>
     <span class='ocr_line' id='line_1_33' title="bbox 349 2924 2333 3011; baseline 0.003 -26"><span class='ocrx_word' id='word_1_255' title='bbox 349 2924 676 3000; x_wconf 87' lang='lat' dir='ltr'><strong>Caecinam,</strong></span> <span class='ocrx_word' id='word_1_256' title='bbox 709 2928 906 2986; x_wconf 90' lang='lat' dir='ltr'><strong>venire</strong></span> <span class='ocrx_word' id='word_1_257' title='bbox 939 2946 1004 2987; x_wconf 90' lang='lat' dir='ltr'><strong>se</strong></span> <span class='ocrx_word' id='word_1_258' title='bbox 1035 2930 1222 2990; x_wconf 90' lang='lat' dir='ltr'><strong>valida</strong></span> <span class='ocrx_word' id='word_1_259' title='bbox 1253 2948 1417 2991; x_wconf 87' lang='lat' dir='ltr'><strong>manu</strong></span> <span class='ocrx_word' id='word_1_260' title='bbox 1446 2949 1549 3006; x_wconf 89' lang='lat' dir='ltr'><strong>ac,</strong></span> <span class='ocrx_word' id='word_1_261' title='bbox 1578 2932 1634 2989; x_wconf 90' lang='lat' dir='ltr'><strong>ni</strong></span> <span class='ocrx_word' id='word_1_262' title='bbox 1666 2933 2006 3011; x_wconf 90' lang='lat' dir='ltr'><strong>supplicium</strong></span> <span class='ocrx_word' id='word_1_263' title='bbox 2048 2932 2107 2990; x_wconf 78' lang='lat' dir='ltr'><strong>in</strong></span> <span class='ocrx_word' id='word_1_264' title='bbox 2144 2932 2333 2993; x_wconf 87' lang='lat' dir='ltr'><strong>malos</strong></span> 
     </span>
    </p>

    <p class='ocr_par' dir='ltr' id='par_1_12' title="bbox 301 3014 2330 3420">
     <span class='ocr_line' id='line_1_34' title="bbox 301 3014 2325 3094; baseline 0.005 -31"><span class='ocrx_word' id='word_1_265' title='bbox 301 3024 325 3063; x_wconf 87' lang='lat'><strong>5</strong></span> <span class='ocrx_word' id='word_1_266' title='bbox 350 3018 732 3088; x_wconf 88' lang='lat' dir='ltr'><strong>praesumant,</strong></span> <span class='ocrx_word' id='word_1_267' title='bbox 766 3028 994 3071; x_wconf 83' lang='lat' dir='ltr'><strong>usurum</strong></span> <span class='ocrx_word' id='word_1_268' title='bbox 1031 3016 1317 3091; x_wconf 87' lang='lat' dir='ltr'><strong>promisca</strong></span> <span class='ocrx_word' id='word_1_269' title='bbox 1352 3015 1561 3075; x_wconf 82' lang='lat' dir='ltr'><strong>caede.</strong></span> <span class='ocrx_word' id='word_1_270' title='bbox 1622 3034 1723 3075; x_wconf 89' lang='lat' dir='ltr'><strong>eas</strong></span> <span class='ocrx_word' id='word_1_271' title='bbox 1772 3014 2023 3077; x_wconf 83' lang='lat' dir='ltr'><strong>Caecina</strong></span> <span class='ocrx_word' id='word_1_272' title='bbox 2065 3015 2325 3094; x_wconf 86' lang='lat' dir='ltr'><strong>aquilife-</strong></span> 
     </span>
     <span class='ocr_line' id='line_1_35' title="bbox 345 3091 2330 3176; baseline 0.004 -26"><span class='ocrx_word' id='word_1_273' title='bbox 345 3093 422 3150; x_wconf 88' lang='lat' dir='ltr'><strong>ris</strong></span> <span class='ocrx_word' id='word_1_274' title='bbox 473 3091 879 3171; x_wconf 80' lang='lat' dir='ltr'><strong>signiferisque</strong></span> <span class='ocrx_word' id='word_1_275' title='bbox 924 3104 982 3154; x_wconf 90' lang='lat' dir='ltr'><strong>et</strong></span> <span class='ocrx_word' id='word_1_276' title='bbox 1035 3099 1187 3176; x_wconf 92' lang='lat' dir='ltr'><strong>quod</strong></span> <span class='ocrx_word' id='word_1_277' title='bbox 1223 3101 1476 3158; x_wconf 83' lang='lat' dir='ltr'><strong>maxime</strong></span> <span class='ocrx_word' id='word_1_278' title='bbox 1518 3108 1835 3160; x_wconf 83' lang='lat' dir='ltr'><strong>castrorum</strong></span> <span class='ocrx_word' id='word_1_279' title='bbox 1873 3100 2161 3159; x_wconf 82' lang='lat' dir='ltr'><strong>sincerum</strong></span> <span class='ocrx_word' id='word_1_280' title='bbox 2204 3108 2330 3157; x_wconf 87' lang='lat' dir='ltr'><strong>erat</strong></span> 
     </span>
     <span class='ocr_line' id='line_1_36' title="bbox 346 3175 2325 3261; baseline 0.003 -28"><span class='ocrx_word' id='word_1_281' title='bbox 346 3175 576 3234; x_wconf 85' lang='lat' dir='ltr'><strong>occulte</strong></span> <span class='ocrx_word' id='word_1_282' title='bbox 608 3176 831 3253; x_wconf 85' lang='lat' dir='ltr'><strong>recitat,</strong></span> <span class='ocrx_word' id='word_1_283' title='bbox 863 3186 1040 3259; x_wconf 85' lang='lat' dir='ltr'><strong>utque</strong></span> <span class='ocrx_word' id='word_1_284' title='bbox 1071 3191 1311 3241; x_wconf 86' lang='lat' dir='ltr'><strong>cunctos</strong></span> <span class='ocrx_word' id='word_1_285' title='bbox 1342 3182 1643 3257; x_wconf 86' lang='lat' dir='ltr'><strong>infamiae,</strong></span> <span class='ocrx_word' id='word_1_286' title='bbox 1692 3201 1757 3242; x_wconf 85' lang='lat' dir='ltr'><strong>se</strong></span> <span class='ocrx_word' id='word_1_287' title='bbox 1782 3183 1945 3261; x_wconf 87' lang='lat' dir='ltr'><strong>ipsos</strong></span> <span class='ocrx_word' id='word_1_288' title='bbox 1992 3183 2159 3244; x_wconf 83' lang='lat' dir='ltr'><strong>morti</strong></span> <span class='ocrx_word' id='word_1_289' title='bbox 2204 3182 2325 3241; x_wconf 87' lang='lat' dir='ltr'><strong>exi-</strong></span> 
     </span>
     <span class='ocr_line' id='line_1_37' title="bbox 341 3258 2327 3345; baseline 0.004 -30"><span class='ocrx_word' id='word_1_290' title='bbox 341 3266 492 3315; x_wconf 87' lang='lat' dir='ltr'><strong>mant</strong></span> <span class='ocrx_word' id='word_1_291' title='bbox 519 3258 808 3321; x_wconf 87' lang='lat' dir='ltr'><strong>hortatur:</strong></span> <span class='ocrx_word' id='word_1_292' title='bbox 853 3278 980 3322; x_wconf 89' lang='lat' dir='ltr'><strong>nam</strong></span> <span class='ocrx_word' id='word_1_293' title='bbox 1019 3266 1076 3324; x_wconf 90' lang='lat' dir='ltr'><strong>in</strong></span> <span class='ocrx_word' id='word_1_294' title='bbox 1117 3284 1265 3345; x_wconf 89' lang='lat' dir='ltr'><strong>pace</strong></span> <span class='ocrx_word' id='word_1_295' title='bbox 1309 3282 1513 3325; x_wconf 88' lang='lat' dir='ltr'><strong>causas</strong></span> <span class='ocrx_word' id='word_1_296' title='bbox 1560 3274 1618 3324; x_wconf 88' lang='lat' dir='ltr'><strong>et</strong></span> <span class='ocrx_word' id='word_1_297' title='bbox 1657 3268 1857 3327; x_wconf 89' lang='lat' dir='ltr'><strong>merita</strong></span> <span class='ocrx_word' id='word_1_298' title='bbox 1900 3266 2185 3344; x_wconf 84' lang='lat' dir='ltr'><strong>spectari:</strong></span> <span class='ocrx_word' id='word_1_299' title='bbox 2216 3264 2327 3327; x_wconf 71' lang='lat' dir='ltr'><strong>,ubi</strong></span> 
     </span>
     <span class='ocr_line' id='line_1_38' title="bbox 342 3339 2321 3420; baseline 0.005 -22"><span class='ocrx_word' id='word_1_300' title='bbox 342 3339 556 3399; x_wconf 82' lang='lat' dir='ltr'><strong>bellum</strong></span> <span class='ocrx_word' id='word_1_301' title='bbox 585 3343 827 3420; x_wconf 78' lang='lat' dir='ltr'><strong>ingruat,</strong></span> <span class='ocrx_word' id='word_1_302' title='bbox 861 3347 1202 3409; x_wconf 87' lang='lat' dir='ltr'><strong>innocentes</strong></span> <span class='ocrx_word' id='word_1_303' title='bbox 1231 3368 1304 3409; x_wconf 83' lang='lat' dir='ltr'><strong>ae</strong></span> <span class='ocrx_word' id='word_1_304' title='bbox 1330 3348 1537 3408; x_wconf 83' lang='lat' dir='ltr'><strong>noxios</strong></span> <span class='ocrx_word' id='word_1_305' title='bbox 1565 3349 1721 3411; x_wconf 84' lang='lat' dir='ltr'><strong>iuxta</strong></span> <span class='ocrx_word' id='word_1_306' title='bbox 1762 3349 1997 3410; x_wconf 88' lang='lat' dir='ltr'><strong>cadere.</strong></span> <span class='ocrx_word' id='word_1_307' title='bbox 2056 3348 2139 3408; x_wconf 86' lang='lat' dir='ltr'><strong>illi</strong></span> <span class='ocrx_word' id='word_1_308' title='bbox 2180 3356 2321 3409; x_wconf 89' lang='lat' dir='ltr'><strong>tem-</strong></span> 
     </span>
    </p>

    <p class='ocr_par' dir='ltr' id='par_1_13' title="bbox 276 3425 2325 3509">
     <span class='ocr_line' id='line_1_39' title="bbox 276 3425 2325 3509; baseline 0.002 -22"><span class='ocrx_word' id='word_1_309' title='bbox 276 3446 324 3487; x_wconf 81' lang='grc' dir='ltr'><strong>ιο</strong></span> <span class='ocrx_word' id='word_1_310' title='bbox 345 3425 516 3502; x_wconf 87' lang='lat' dir='ltr'><strong>ptatis</strong></span> <span class='ocrx_word' id='word_1_311' title='bbox 543 3444 688 3505; x_wconf 87' lang='lat' dir='ltr'><strong>quos</strong></span> <span class='ocrx_word' id='word_1_312' title='bbox 730 3429 972 3490; x_wconf 89' lang='lat' dir='ltr'><strong>idoneos</strong></span> <span class='ocrx_word' id='word_1_313' title='bbox 1019 3432 1326 3506; x_wconf 85' lang='lat' dir='ltr'><strong>rebantur,</strong></span> <span class='ocrx_word' id='word_1_314' title='bbox 1372 3440 1676 3509; x_wconf 87' lang='lat' dir='ltr'><strong>postquam</strong></span> <span class='ocrx_word' id='word_1_315' title='bbox 1716 3434 1991 3509; x_wconf 83' lang='lat' dir='ltr'><strong>maiorem</strong></span> <span class='ocrx_word' id='word_1_316' title='bbox 2032 3432 2325 3509; x_wconf 82' lang='lat' dir='ltr'><strong>legionum</strong></span> 
     </span>
    </p>
   </div>
  </div>
 </body>
</html>
