2475 4000
282 200 287 208 ¹
314 221 435 284 146
810 227 1135 278 CORNELII
1160 227 1392 277 mern
1415 226 1780 306 nummum

308 388 545 464 laqueus
596 381 967 444 inducantur?
1018 399 1137 456 non
1189 380 1586 459 inprudentem
1631 379 1915 440 Tiberium
1954 385 2170 440 tantam
2211 379 2299 436 in·

310 471 514 529 vidiam
544 467 755 544 adisse,
792 475 881 528 set
913 466 1228 544 quaesitum
1259 465 1721 542 meditatamque,
1748 482 1820 526 ne
1853 462 1990 541 quid
2009 461 2302 541 impedire

312 552 575 612 credatur
607 567 721 628 quo
757 552 939 611 minus
982 551 1119 610 novi
1157 550 1556 625 magistratus,
1600 564 1714 626 quo
1751 547 1922 608 modo
1957 545 2198 608 delubra
2237 555 2306 604 et

242 658 289 698 15
312 636 547 710 altaria,
576 636 660 694 sic
694 651 989 706 carcerem
1017 632 1334 694 recludant.
1395 641 1627 691 secutae
1659 633 1894 710 insuper
1925 630 2128 691 literae
2157 647 2297 708 gra·

272 735 275 740 ·
308 731 397 780 tes
426 719 669 795 agentis,
702 717 856 796 quod
884 717 1169 777 hominem
1198 716 1479 776 infensum
1499 715 1587 777 rei
1615 714 1884 793 publicae
1907 715 2300 794 punivissent,

226 836 233 843 ·
309 803 533 863 adiecto
570 802 847 880 trepidam
892 800 1001 862 sibi
1042 801 1249 876 vitam,
1297 807 1600 877 suspectas
1627 799 1984 859 inimicorum
2029 797 2300 874 insidias,

267 889 287 904 ‘
307 886 465 947 nullo
501 886 827 946 nominatim
856 883 1215 961 conpellato;
1236 900 1442 962 neque
1473 890 1660 942 tamen
1689 881 2048 943 dubitabatur
2086 882 2146 940 in
2174 880 2296 940 Ne·

285 987 507 1031 ·ronem
541 978 599 1028 et
632 967 1015 1047 Agrippinam
1044 966 1276 1027 intendi.
1489 962 1495 978 ⁴

342 1108 349 1111 ,
434 1054 532 1114 71.
568 1052 638 1112 Ni
653 1051 818 1112 anibi
834 1051 1167 1110 destinatum
1197 1050 1355 1110 soret
1381 1067 1541 1109 suum
1568 1067 1833 1127 quaeque
1853 1049 1938 1109 »in
1965 1067 2170 1109 annum
2199 1066 2300 1107 re·

306 1137 483 1212 ferre,
516 1134 723 1218 avebat
752 1137 966 1195 animus
1000 1136 1181 1194 antire
1214 1134 1518 1212 statimque
1545 1151 1866 1194 memorare
1901 1133 2104 1210 exitus,
2143 1149 2302 1209 quos

306 1221 557 1281 Latinius
598 1228 769 1297 atque
814 1218 1023 1297 Opsius
1070 1218 1367 1294 ceterique
1406 1217 1608 1292 flagitii
1655 1217 1778 1276 eius
1814 1225 2154 1294 repertores
2191 1215 2300 1276 ha-

309 1304 519 1378 buere,
564 1320 676 1361 non
716 1302 885 1362 modo
927 1310 1230 1380 postquam
1262 1296 1432 1361 Gaius
1465 1299 1683 1360 Caesar
1720 1319 1910 1360 rerum
1939 1301 2156 1378 potitus
2183 1308 2300 1374 est,

262 1411 286 1450 5
312 1385 415 1447 sed
452 1385 721 1444 incolumi
750 1385 1017 1460 Tiberi0‚
1049 1387 1143 1462 qui
1180 1383 1466 1444 scelerum
1507 1385 1795 1444 ministros
1841 1393 1908 1442 ut·
1930 1383 2188 1462 perverti
2220 1382 2298 1462 ab

310 1470 439 1558 alliis
480 1466 747 1542 nolebat,
795 1469 873 1527 ita
929 1467 1270 1546 plerumque
1326 1471 1560 1526 satiatus
1607 1477 1664 1527 et
1703 1467 1911 1527 oblatis
1952 1469 2010 1526 in
2052 1465 2302 1526 eandem

203 1617 212 1624 ,
311 1567 548 1632 operam
579 1549 912 1610 recentibus
940 1559 1171 1608 veteres
1202 1558 1258 1608 et
1293 1569 1652 1629 praegraves
1683 1551 1928 1612 adflixit:
1963 1567 2162 1610 verum
2190 1550 2306 1608 lias

312 1645 482 1713 atque
528 1634 670 1693 alias
721 1633 973 1709 sontium,
999 1650 1217 1710 poenas
1248 1637 1304 1692 in
1335 1643 1596 1713 tempore
1637 1634 1944 1694 trademus.
2008 1643 2124 1692 tum
2162 1652 2304 1693 cen-

311 1720 422 1778 suit
443 1717 676 1776 Asinius
702 1716 919 1793 Gallus,
954 1717 1113 1775 cuius
1142 1715 1454 1776 liberorum
1477 1717 1802 1797 Agrippina
1824 1726 2131 1792 matertera
2151 1725 2306 1793 erat,

244 1820 291 1860 10
313 1801 618 1880 petendum
648 1819 682 1860 a
716 1801 979 1880 principe
1006 1809 1067 1859 ut
1093 1807 1278 1858 metus
1309 1818 1446 1862 suos
1469 1801 1689 1860 senatui
1713 1801 1988 1860 fateretur
2010 1802 2304 1860 amoveri·

312 1882 423 1964 q'ue
454 1887 689 1944 sineret.
750 1883 957 1944 nullam
988 1901 1171 1962 aeque
1198 1882 1484 1960 Tiberius,
1519 1893 1579 1943 ut
1606 1883 1854 1960 rebatur,
1888 1902 1962 1943 ex
1993 1883 2308 1944 virtutibus

312 1971 429 2030 suis
473 1986 638 2048 quam
668 1967 1173 2029 dissimulationem
1209 1966 1512 2045 diligebat:
1559 1985 1632 2027 eo
1675 1969 1909 2045 aegrius
1939 1970 2174 2047 accepit
2206 1986 2304 2031 re-

312 2054 462 2112 cludi
490 2070 636 2130 quae
644 2061 967 2139 premeret.
1031 2051 1135 2111 sed
1154 2053 1432 2129 mitigavit
1460 2052 1724 2127 Seianus,
1757 2069 1872 2113 non
1897 2050 2044 2111 Galli
2072 2070 2304 2127 amore,

308 2154 507 2197 verum
548 2138 1043 2210 mucurictationes
1087 2136 1364 2215 principis
1407 2136 1794 2213 aperirentur,
1835 2152 2049 2212 gnarus
2080 2134 2310 2196 lentum

244 2222 371 2279 15in
412 2218 550 2289 meaa
582 2236 769 2342 sento,
811 2218 906 2277 ubi
948 2222 1332 2298 prorupisset,
1377 2217 1630 2278 tristibus
1669 2218 1836 2278 dictis
1875 2220 2096 2278 atrocia
2139 2218 2306 2279 facta

313 2318 439 2375 corf
512 2315 564 2372 ui
600 2320 684 2361 ie.

404 2333 717 2471 ‚rgsidem
759 2392 983 2463 tempus
1028 2384 1169 2443 Iulia
1202 2394 1442 2445 mortem
1477 2384 1650 2462 obiit,
1694 2402 1858 2463 quam
1901 2394 2150 2465 neptem,
2177 2384 2300 2443 Au-

308 2473 513 2544 gaeus
558 2468 883 2527 convictam
924 2466 1185 2527 adulterii
1224 2468 1618 2543 damnaverat,
1652 2462 2094 2547 proieceratque
2124 2468 2182 2525 in
2211 2469 2296 2525 in-

289 2551 491 2629 -sulam
522 2549 865 2627 Trimerum,
898 2549 1045 2609 haud
1089 2550 1294 2627 procul
1324 2551 1532 2629 Apulis
1572 2551 1858 2613 litoribus.
1922 2551 2044 2621 illic
2087 2549 2300 2625 viginti

238 2653 293 2693 20
312 2636 471 2693 annis
503 2634 733 2693 exilium
766 2634 1038 2694 toleravit
1068 2632 1364 2709 Augustae
1396 2651 1511 2713 ope
1541 2644 1876 2710 sustentata,
1908 2652 2051 2712 quae
2081 2633 2300 2691 floren-

309 2725 399 2776 tes
428 2718 729 2795 privignos
771 2736 897 2777 cum
930 2735 1035 2795 per
1079 2716 1365 2775 occultum
1395 2715 2308 2804 subvertisset,'misericordiam‘

310 2818 451 2876 erga
483 2799 742 2874 adflictos
768 2800 952 2879 palam
982 2798 1326 2861 ostentabat.
1870 2806 1888 2871 ’χ

436 2883 533 2942 72.
580 2882 803 2943 Eodem
842 2882 1231 2958 annoFtisii,
1280 2883 1722 2945 transrhenanus
1769 2872 1896 2966 pop.x
1929 2884 2044 2959 lus,
2079 2899 2243 2960 pace

311 2984 544 3041 exuere,
581 2976 774 3027 nostra
814 2983 1001 3041 magis
1032 2966 1267 3043 avaritia
1308 2984 1473 3044 quam
1504 2967 1766 3048 obsequii
1788 2972 1920 3049 iupa
1951 2968 1964 2981 ‘
1995 2974 2128 3025 ‚ntes
2270 2966 2285 2980 '

170 3094 176 3102 ,
279 3049 501 3116 ‚butum
538 3050 607 3109 iis
644 3050 861 3109 Drusus
894 3050 1140 3108 iusserat
1180 3050 1462 3127 modicum
1506 3069 1613 3131 pro
1661 3056 1923 3129 angustia
1963 3076 2028 3115 re
2189 3095 2208 3123 ‚
2254 3055 2318 3105 ¹11

308 3135 363 3191 in
409 3150 543 3191 usus
573 3133 847 3191 militares
890 3132 1048 3191 coria
1086 3130 1255 3193 boum
1289 3134 1637 3212 penderent,
1679 3154 1792 3196 non
1837 3140 2052 3200 intenta
2133 3136 2320 3193 cuius·

260 3240 287 3279 5
310 3234 476 3293 quam
507 3234 639 3275 cura
672 3233 815 3291 quae
850 3214 1154 3293 firmitudo,
1206 3234 1353 3294 quae
1385 3236 1680 3295 mensura,
1727 3220 1914 3281 donec
1947 3221 2052 3282 Ole
2163 3218 2254 3273 ius
2286 3230 2328 3269 θ

311 3296 762 3376 primipilafibus·
779 3298 1049 3377 regendis
1068 3298 1268 3378 Frisiis
1299 3301 1578 3380 inpositus
1603 3311 1768 3379 terga
1790 3321 2020 3365 urorum
2122 3295 2332 3371 elegit,

312 3397 546 3456 quorum
579 3380 647 3440 ad
688 3380 926 3443 formam
966 3384 1388 3462 acciperentur.
1448 3382 1504 3441 id
1536 3385 1659 3445 aliis
1692 3403 1923 3466 quoque
1956 3394 2069 3449 nati
2148 3378 2334 3438 nibus

306 3462 543 3523 arduum
582 3464 732 3543 apud
781 3465 1093 3529 Germanos
1148 3465 1438 3525 difficilius
1481 3467 1862 3547 tolerabatur,
1907 3472 2034 3549 quis
2074 3476 2092 3533 i
