2475 4000
583 180 793 258 misna
815 213 904 258 Vl.
946 212 1096 260 car.
1131 201 1676 284 32—36'(26—-30).
1843 159 1848 168 ι
2031 204 2152 266 167
2257 259 2262 264 .

164 388 238 434 ac
272 367 563 428 Tiberium
588 367 785 452 ⁴minus
824 367 1051 428 ducenti
1094 369 1504 446 quinquaginta
1533 371 1661 435 anni
1693 370 1938 430 fuerunt.
2000 371 2148 430 unde
2171 393 2219 435 15

162 471 271 512 non
299 451 437 510 nulli
468 450 676 510 falsum
706 451 857 512 hunc
889 451 1235 530 phoenicem
1267 453 1456 529 neque
1486 451 1738 511 Arabum
1765 473 1798 512 e
1828 455 1998 514 terris
2027 473 2151 512 cre-

165 536 375 611 didere,
410 534 665 612 nihilque
698 537 1069 614 usurpavisse
1084 554 1170 594 -ex
1198 536 1300 611 iis,
1347 553 1494 614 quae
1541 545 1708 595 vetus
1750 540 2022 598 memoria
2055 539 2152 597 iir-

163 621 343 679 mavit.
407 618 928 698 confecto‘quippe
961 637 1233 678 annorum
1265 637 1537 696 numere,
1583 618 1681 678 ubi
1723 639 1878 680 mors
1921 625 2172 700 propin-'

165 711 323 782 quet,
360 703 483 775 suis
515 703 571 760 in
610 705 783 763 terris
824 712 1051 762 struere
1095 703 1282 763 nidum
1331 705 1500 782 eique
1548 704 1664 761 vim
1705 705 2012 780 genitalem
2057 705 2150 765 ad-

160 787 415 860 fundere,
449 804 526 844 ex
561 803 673 864 qua
702 785 879 846 fetum
911 788 1091 855 oriri}
1123 795 1179 845 et
1224 787 1462 864 primam
1505 787 1698 847 adulto
1744 785 1935 848 curam
1981 806 2220 866 sepe-20

158 869 325 931 liendi
360 871 564 948 patris,
596 887 788 947 neque
815 869 873 928 id
902 878 1157 946 temere,
1202 870 1306 930 sed
1353 870 1581 930 sublato
1620 887 1846 930 murrae
1892 871 2150 950 pondere

157 961 547 1033 temptatoque
582 971 689 1031 per
718 953 955 1030 longum
986 957 1128 1030 iter,
1176 953 1274 1012 ubi
1304 973 1410 1033 par
1441 956 1634 1032 oneri,
1678 973 1782 1034 par
1823 956 2031 1015 meatui
2060 957 2150 1032 sit,

160 1039 347 1098 subire
380 1038 627 1114 patrium
661 1053 877 1114 corpus
912 1039 1085 1116 inque
1121 1037 1276 1097 Solis
1307 1057 1460 1098 aram
1494 1040 1758 1117 perferre
1803 1049 1972 1116 atque
2013 1038 2149 1098 ado-

158 1124 295 1182 lere.
374 1119 527 1180 haec
571 1122 793 1180 incerta
830 1129 889 1179 et
934 1120 1215 1180 fabulosis
1263 1130 1459 1180 aucta:
1516 1131 1769 1182 ceterum
1819 1123 2000 1201 aspici
2053 1121 2150 1180 ali-

158 1204 383 1285 quando
418 1204 489 1264 in⁴
509 1203 787 1281 Aegypto
820 1222 949 1263 eam
968 1205 1280 1264 volucrem
1309 1221 1424 1263 non
1452 1205 1782 1282 ambigitur.
2169 1226 2220 1266 25

268 1291 376 1351 35.
424 1287 503 1346 At
531 1287 751 1348 Romae
786 1287 967 1348 caede
1010 1291 1276 1348 continua
1317 1287 1666 1368 Pomponius
1695 1289 1923 1363 Labeo,
1970 1294 2218 1365 quemn

158 1373 485 1453 praefuisse
526 1372 786 1432 Moesiae
826 1372 1054 1448 rettuli,
1112 1372 1218 1452 per
1269 1371 1543 1452 abruptas
1594 1390 1772 1431 venas
1817 1373 2152 1448 sanguinem

158 1457 383 1524 effudit3
432 1455 829 1534 aemulataque
882 1464 971 1515 est
1026 1457 1276 1520 coniunx
1328 1456 1575 1517 Paxaea.
1665 1474 1794 1516 nam
1856 1464 2153 1535 promptas
2207 1503 2212 1510 .

157 1545 273 1602 eius
303 1539 463 1599 modi
500 1548 717 1600 mortes
750 1548 935 1598 metus
977 1540 1266 1600 carnificis
1309 1539 1588 1617 faciebat,
1639 1548 1700 1599 et
1744 1541 1872 1618 quia
1910 1539 2152 1599 damnati
2237 1573 2240 1576 ·

156 1625 467 1706 publicatis
510 1623 677 1686 bonis
719 1623 1018 1700 sepultura
1062 1622 1544 1703 prohibebantur,
1591 1642 1788 1683 eorum
1831 1625 1926 1701 qui
1969 1625 2060 1683 de¹
2084 1641 2194 1681 ses

159 1707 481 1770 statuebant
508 1707 881 1766 humabantur
924 1716 1221 1785 corpora,
1267 1708 1584 1768 manebant·
1616 1715 1980 1783 testamenta,
2020 1724 2150 1785 pre-

158 1797 290 1854 tium
324 1790 655 1851 festinandi.
724 1790 829 1850 sed
858 1788 1075 1850 Caesar
1102 1793 1294 1851 missis
1335 1791 1406 1850 ad
1449 1798 1706 1850 senatum
1743 1791 1926 1850 literis
1973 1791 2152 1849 disse-

157 1880 261 1938 ruit
290 1883 517 1934 morem
556 1875 737 1934 fuisse
776 1874 1118 1951 maioribus,
1168 1876 1436 1952 quotiens
1480 1873 1808 1933 dirimerent
1855 1875 2153 1947 amicitias,

158 1960 508 2023 interdicere
538 1958 707 2019 domo
742 1976 983 2037 eumque
1012 1961 1181 2019 linem
1208 1958 1432 2035 gratiae
1475 1973 1733 2034 ponere:
1775 1953 1834 2013 id
1877 1974 1942 2014 se
1984 1973 2152 2034 repe-

160 2048 355 2106 tivisse
386 2048 443 2103 in
479 2043 767 2120 Labeone,
801 2053 973 2121 atque
992 2044 1177 2118 illum,
1214 2042 1344 2119 quia
1377 2040 1526 2100 male
1559 2039 1986 2111 ⁴administratae
2017 2056 2150 2117 pro·
2171 2059 2222 2099 ιο

157 2132 383 2191 vinciae
407 2128 759 2207 aliorumque
792 2128 1083 2187 criminum
1114 2125 1490 2203 arguebatur,
1539 2123 1764 2203 culpam
1804 2122 2016 2183 invidia
2053 2140 2152 2197 ve-

157 2216 409 2289 lavisse,
446 2212 657 2273 frustra
690 2212 1003 2271 conterrita
1044 2228 1260 2285 uxore,
1304 2226 1470 2287 quam
1511 2210 1620 2267 etsi
1661 2216 1968 2267 nocentem
2003 2206 2154 2285 peri-

161 2299 269 2359 culi
302 2307 501 2357 tamen
532 2304 833 2375 expertem
866 2295 1069 2353 fuisse.
1126 2294 1450 2355 Mamercus
1477 2293 1610 2353 dein
1641 2294 1892 2353 Scaurus
1933 2308 2156 2351 rursum

160 2382 507 2462 postulatur,
538 2380 777 2456 insignis
806 2378 1105 2439 nobilitate
1134 2387 1200 2437 et
1224 2376 1458 2438 orandis
1491 2379 1712 2451 causis,
1750 2378 1866 2435 vita
1912 2374 2154 2453 probro÷

160 2485 273 2526 sus.
329 2464 474 2523 nihil
503 2464 653 2523 hunc
680 2464 929 2523 amicitia
959 2464 1183 2539 Seiani,
1218 2461 1322 2522 sed
1353 2461 1632 2521 labefecit
1665 2460 1813 2519 haud
1843 2460 2026 2518 minus
2055 2476 2152 2515 va·
2172 2472 2223 2511 v15

160 2550 332 2611 lidum
364 2548 439 2608 ad
470 2548 645 2607 exitia
678 2547 969 2608 Macronis
1000 2547 1189 2607 odium
1208 2591 1224 2624 ‚
1272 2547 1370 2623 qui
1413 2544 1648 2604 easdem
1673 2553 1834 2602 artes.
1876 2540 2158 2601 occultius
2277 2555 2284 2560 ’

162 2632 509 2701 exercebam
535 2632 955 2709 detuleratque
1014 2639 1410 2708 argumentum
1467 2628 1802 2705 tragoediae
1859 2644 1893 2685 a
1939 2626 2156 2684 Scauro

160 2720 441 2797 scriptae,
476 2715 682 2777 additis
701 2716 967 2775 versibus
1002 2717 1184 2795 quiin
1206 2714 1495 2773 Tiberium
1526 2713 1926 2771 flecterentur:
1959 2725 2160 2766 verum

160 2803 229 2863 ab
261 2800 521 2862 Servilio
552 2809 610 2861 et
640 2798 915 2859 Cornelio
950 2798 1388 2859 accusatoribus
1418 2796 1753 2857 adulterium
1783 2794 2011 2867 Liviae,
2044 2806 2156 2849 ma·
2237 2866 2244 2875 ,

162 2904 372 2964 gerum
414 2902 583 2946 sacra
626 2883 1077 2944 obiectabantur.
1154 2882 1437 2957 Scaurus,
1495 2889 1554 2939 ut
1595 2878 1826 2956 dignum
1858 2875 2156 2936 ‘veteribus
2175 2872 2227 2933 ao

164 2970 446 3045 Aemiliis,
480 2968 895 3029 damnationem
929 2968 1154 3041 anteiit,
1201 2966 1466 3025 hortante
1507 2964 1706 3025 Sextia
1747 2979 1930 3023 uxore
1949 3004 1967 3036 ,
2013 2977 2158 3037 quae

167 3057 594 3115 incitamentum
624 3054 825 3113 mortis
856 3061 915 3111 et
946 3051 1244 3129 particeps
1274 3050 1397 3109 fuit.
1668 3115 1670 3119 ,
1891 3081 1896 3093 ι
2005 3070 2014 3081 κ

288 3139 392 3200 36.
435 3136 527 3197 Ac
556 3145 746 3197 tamen
774 3143 1181 3209 accusatoreS,
1214 3136 1262 3193 si
1305 3132 1550 3191 facultas
1582 3130 1896 3204 incideret,
1941 3126 2228 3206 poenisao
2271 3182 2280 3187 .

169 3222 617 3297 adliciebantur,
658 3229 721 3280 ut
763 3219 1043 3281 Servilius
1086 3216 1508 3293 Corneliusque
1551 3214 1778 3293 perdito
1827 3210 2047 3272 Scauro
2077 3209 2160 3269 fa-

168 3308 341 3383 mosi,
374 3308 511 3385 qnia
548 3306 847 3384 pecuniam
890 3323 923 3365 a
966 3304 1146 3364 Vario
1196 3302 1406 3377 Ligure
1463 3297 1810 3358 omittendae
1859 3294 2166 3356 delationis

165 3393 479 3470 ‘ceper-ant,
524 3392 582 3448 in
616 3388 831 3448 insulas
861 3387 1167 3449 interdicto
1198 3386 1318 3463 igni
1361 3393 1535 3461 atque
1579 3400 1725 3461 aqua
1766 3380 1977 3441 demoti
2019 3386 2164 3439 sunt.

122 3466 149 3547 ¹,
172 3483 227 3533 et
266 3475 529 3536 Abudius
568 3474 731 3533 Ruso
773 3472 1001 3533 functus
1040 3470 1330 3532 aedilitate
1373 3468 1506 3529 dum
1553 3465 1794 3527 Lentulo
1845 3464 2164 3536 Gaetulico,
2185 3475 2212 3523 5
