2475 4000
660 203 871 250 menn
893 205 1015 272 XIJ.
1047 205 1198 254 cAP.
1224 204 1463 260 17—23.
1948 195 2071 258 205
2094 180 2099 189 ’

47 353 494 430 Mithridatem,
538 372 649 414 nec
689 353 800 413 sibi
832 355 944 414 vim
991 355 1061 417 ad
1104 359 1538 435 exsequendum
1590 360 1831 434 deesse.
1874 379 2073 422 verum

46 441 130 499 ita
179 436 504 496 maioribus
551 438 850 516 placitum,
901 449 1108 519 quanta
1137 443 1471 520 pervicacia
1511 445 1570 502 in
1612 444 1872 523 hostem,
1916 439 2077 506 tanta

48 523 456 582 beneficentia
488 517 766 582 adversus
799 524 1102 602 supplices
1139 525 1439 596 utendum3
1482 544 1610 586 nam
1641 529 1957 607 triumphos
1998 529 2071 590 de

51 606 306 686 populis
341 607 660 683 regnisque
689 608 932 684 integris
961 609 1204 686 acquiri.

117 725 122 732 -
185 689 296 748 21.
342 689 608 748 Traditus
651 691 896 782 posthae
935 691 1295 754 Mithridates
1336 703 1655 772 vectusque
1684 695 1925 756 Romam
1963 650 2071 773 per

49 774 286 833 Iunium
319 772 602 851 cilonem,
635 770 1075 854 procuratorem
1104 776 1294 853 Ponti,
1326 777 1585 840 ferocius
1616 796 1783 856 quam
1814 796 1920 856 pro
1952 778 2069 838 for-

49 867 196 918 tuna
228 855 579 916 disseruisse
611 860 762 938 apud
795 857 1106 920 Caesarem
1135 861 1467 938 ferebatur,
1497 862 1769 940 elataque
1802 879 1921 922 vox
1950 862 2073 922 eius
2151 921 2157 926 ,

52 943 114 1001 in
142 941 408 1018 vulgum
428 941 592 1001 hisce
620 943 877 1002 verbise
893 961 1012 1004 non
1051 963 1174 1004 sum
1201 947 1477 1007 remissus
1508 945 1579 1007 ad
1610 954 1703 1025 te,
1744 945 1849 1006 sed
1876 963 2074 1005 rever·

53 1044 193 1085 sus:
229 1025 354 1086 vel
401 1027 449 1084 si
489 1043 603 1085 ιιοιι
649 1027 867 1104 credis,
925 1027 1138 1088 dimitte
1179 1038 1236 1089 et
1282 1032 1551 1107 quaere)
1633 1029 1811 1090 vultu
1840 1046 2073 1107 quoque
2098 1051 2123 1090 5

52 1111 333 1171 interrito
365 1113 710 1189 permansit,
759 1129 884 1170 cum
913 1121 1103 1172 rostra
1133 1114 1289 1174 iuxta
1324 1113 1655 1180 custodibus
1689 1113 2075 1173 circumdatus

51 1196 213 1254 visui
246 1193 468 1292 populo
504 1193 902 1273 praeberetur.
961 1197 1284 1257 consularia
1313 1197 1558 1273 insignia
1585 1181 1795 1273 Ciloni,
1825 1195 2073 1276 Aquilae

53 1279 368 1358 praetoria
401 1277 804 1338 decernuntur.

191 1360 298 1422 22.
351 1360 543 1426 Isdem
587 1363 920 1424 consulibus
971 1373 1140 1424 atrox
1191 1363 1308 1424 odii
1358 1363 1686 1442 Agrippina
1738 1383 1808 1426 ac
1854 1364 2075 1428 Lolliae
2130 1407 2135 1415 .

57 1447 326 1524 infensa,
369 1447 540 1525 ‚quod
591 1465 790 1507 secum
847 1447 918 1507 de
977 1448 1335 1508 matrimonio
1380 1451 1660 1527 principis
1707 1450 2073 1525 certayisset,

55 1531 300 1592 molitur
329 1533 562 1591 crimina
595 1540 652 1590 et
679 1540 1108 1608 accusatorem,
1135 1533 1238 1610 qui
1268 1530 1531 1592 obiceret
1542 1531 1921 1609 Chaldaeos,
1952 1550 2072 1593 ma·

53 1635 180 1694 gos
201 1616 736 1692 interrogatumque
757 1615 1049 1695 Apollinis
1073 1577 1249 1676 Clarii
1273 1616 1635 1690 simulacrum
1658 1635 1835 1696 super
1856 1617 2073 1695 nuptiis

55 1700 456 1780 imperatoris.
531 1701 682 1760 exim
712 1698 983 1761 Claudius
1012 1700 1259 1762 inaudita
1291 1719 1393 1761 rea
1420 1701 1595 1761 multa
1628 1700 1699 1762 de
1732 1699 2073 1762 claritudine
2094 1721 2122 1762 5

57 1786 194 1844 eius
225 1783 376 1862 apud
407 1793 666 1844 senatum
697 1785 1019 1863 praefatuS,
1051 1803 1257 1847 sorore
1268 1775 1346 1844 L.
1378 1785 1606 1845 Volusii
1631 1787 1919 1862 genitam,
1956 1802 2071 1845 ma·

54 1872 252 1930 iorem
286 1869 337 1927 ei
372 1877 630 1946 patruum
657 1868 882 1930 Cottam
899 1869 1267 1948 Messalinum
1292 1886 1455 1942 esse,
1488 1867 1755 1930 Memmio
1787 1869 2073 1945 quondam

51 1951 300 2029 Regulo
334 1960 564 2033 nuptam
599 1955 766 2034 (nam
788 1954 860 2014 de
889 1953 994 2016 Gai
1020 1952 1290 2013 Caesaris
1318 1952 1531 2030 nuptiis
1566 1951 1833 2011 consulto
1863 1954 2071 2011 retice·

52 2037 200 2113 bat)
219 2079 236 2110 ,
272 2036 484 2097 addidit
514 2040 844 2117 perniciosa
867 2039 923 2097 in
952 2056 1076 2098 rem
1106 2036 1397 2115 publicam
1421 2034 1663 2095 consilia
1692 2043 1750 2094 et
1776 2036 2072 2095 materiem

53 2120 290 2187 sceleri
320 2118 757 2181 detrahendam:
792 2123 962 2200 proin
984 2120 1289 2199 publicatis
1320 2118 1488 2179 bonis
1513 2118 1749 2179 cederet
1771 2117 1957 2179 Italia.
1994 2119 2142 2178 itam

53 2204 495 2287 quinquagiens
532 2207 862 2265 sestertium
897 2222 974 2263 ex
1014 2203 1223 2281 opibus
1266 2204 1555 2263 immensis
1592 2202 1743 2262 exuli
1788 2202 2113 2277 relictum.

54 2300 120 2355 et
160 2282 478 2363 Calpurnia
517 2287 768 2347 inlustris
809 2289 1021 2348 femina
1059 2287 1439 2364 pervertitur,
1483 2289 1617 2365 quia
1660 2287 1902 2347 formam
1949 2288 2073 2346 eius

53 2369 407 2435 laudaverat
429 2372 730 2449 princeps,
754 2371 911 2431 nulla
938 2371 1189 2447 libidine,
1214 2370 1323 2431 sed
1348 2371 1583 2433 fortuito
1610 2388 1897 2447 sermone,
1922 2369 2073 2433 unde
2186 2378 2193 2388 “

57 2460 158 2519 ira
182 2454 550 2533 Agrippinae
579 2456 722 2515 citra
745 2456 940 2515 ultima
962 2457 1138 2515 stetit.
1188 2456 1244 2513 in
1265 2454 1506 2517 Lolliam
1528 2455 1765 2514 mittitur
1790 2442 2089 2531 tribunus,

59 2561 96 2602 a
125 2557 245 2620 quo
276 2537 348 2597 ad
376 2548 618 2598 mortem
647 2537 999 2617 adigeretur.
1056 2539 1349 2600 damnatus
1378 2548 1437 2599 et
1465 2540 1599 2617 lege
1628 2537 2070 2617 repetundarum
2092 2556 2141 2598 15

63 2622 288 2687 Cadius
319 2622 504 2683 Rufus
537 2623 944 2683 accusantibus
957 2623 1249 2699 Bithynis.

199 2706 296 2769 23.
337 2706 558 2768 Galliae
579 2705 944 2768 Narbonensi
969 2708 1045 2768 ob
1067 2710 1364 2807 egregiam
1386 2710 1443 2769 in
1470 2716 1666 2787 patres
1689 2708 2070 2767 reverentiam

73 2794 295 2889 datum,
337 2799 398 2851 ut
441 2790 805 2852 senatoribus
848 2794 972 2852 eius
1005 2794 1341 2872 provinciae
1370 2810 1487 2853 non
1531 2793 1832 2889 exquisita·
1859 2792 2068 2871 princi-

67 2877 172 2957 pis
201 2876 515 2953 sententia,
560 2879 682 2937 iure
731 2894 844 2956 quo
877 2876 1072 2938 Sicilia
1105 2876 1447 2954 haberetur,
1495 2895 1593 2937 res
1634 2894 1769 2938 suas
1815 2876 2068 2936 invisere

65 2964 300 3022 liceret.
368 2958 697 3060 Ituraeique
732 2970 791 3021 et
819 2960 1017 3021 Iudaei
1047 2959 1331 3021 defunctis
1361 2960 1634 3038 regibus,
1666 2959 1954 3030 Sohaemo
1986 2969 2067 3019 at·

69 3061 192 3124 que
211 3042 496 3124 Agrippa,
523 3046 862 3123 provinciae
877 3022 1079 3111 Suriae
1105 3044 1297 3106 additi.
1350 3043 1561 3107 Saluti-s
1585 3046 1881 3121 augurium
1905 3045 2115 3122 quin-5

73 3146 192 3208 que
225 3138 278 3187 et
305 3130 671 3209 septuaginta
699 3130 859 3191 annis
891 3132 1162 3191 omissum
1187 3132 1379 3207 repeti
1410 3147 1478 3189 ac
1508 3129 1712 3191 deinde
1748 3127 2067 3189 continuari

71 3212 362 3293 placitum.
423 3222 480 3273 et
512 3216 830 3314 pomerium
858 3215 1016 3275 urbis
1047 3216 1201 3275 auxit
1234 3211 1471 3291 Caesar,
1500 3231 1661 3274 more
1692 3214 1919 3291 priseo,
1949 3229 2065 3291 quo

71 3300 152 3361 iis
181 3297 269 3377 qui
291 3298 630 3375 protulere
613 3299 918 3379 imperium
933 3300 1104 3361 etiam
1127 3298 1403 3359 terminos
1434 3297 1589 3359 urbis
1615 3314 1947 3376 propagare
1970 3295 2065 3356 da-

73 3392 188 3441 tur.
246 3399 352 3441 nec
380 3392 569 3442 tamen
599 3383 777 3445 duces
803 3384 1079 3461 Romani,
1112 3400 1453 3463 quamquam
1484 3383 1707 3459 magnis
1742 3380 2068 3443 nationibus

75 3464 360 3547 subactis,
391 3477 839 3551 usurpaverant,
873 3470 982 3529 nisi
1009 3466 1073 3529 L.
1105 3466 1266 3527 Sulla
1295 3476 1353 3527 et
1386 3466 1551 3527 divus
1580 3462 1896 3545 Augustus.
2086 3480 2137 3522 ιο
