2475 4000
654 208 865 255 maun
892 209 1043 257 xm.
1092 208 1244 257 cn.
1279 207 1522 261 ειη-58.
2003 198 2121 259 251

126 365 309 425 variis
336 362 674 442 respondit,
722 364 837 442 ipsi
870 362 1153 423 Boiocalo
1186 362 1266 422 ob
1291 366 1623 427 memoriam
1657 367 1944 429 amicitiae
1971 364 2131 427 datu-
2154 392 2180 432 ⁵
2331 408 2346 413 -

124 466 255 509 rum
293 464 491 525 agros.
548 446 701 527 quod
734 446 835 507 ille
882 456 943 506 ut
978 447 1326 525 proditionis
1360 452 1609 530 pretium
1650 460 1993 529 aspernatus
2033 451 2131 511 ad-

122 532 271 592 didit
302 531 539 591 ‘deesse
565 530 739 591 nobis
773 540 929 590 terra
959 532 1016 589 in
1044 533 1238 610 vitam,
1271 534 1329 591 in
1359 552 1469 613 qua
1499 534 1830 611 moriamur,
1882 552 1999 595 nen
2027 552 2131 613 po-

124 620 302 677 test?
360 622 533 693 atque
562 618 639 675 ita
670 614 911 674 infensis
940 617 1224 694 utrimque
1253 617 1454 677 animis
1483 618 1820 678 discessum.
1875 619 1962 679 illi
1993 619 2131 679 Bru-

128 710 356 777 cteros,
391 699 747 777 Tencteros,
778 699 1087 759 ulteriores
1120 702 1291 761 etiam
1323 703 1588 763 nationes
1617 702 1812 762 socias
1839 702 1996 765 bello
2029 721 2129 763 vo-

124 785 371 845 cabant:
406 782 615 843 Avitus
648 785 869 861 scripto
905 782 977 843 ad
1002 781 1297 845 Curtilium
1316 784 1600 847 Manciam
1623 786 1940 865 superioris
1963 804 2200 849 exer-10
2265 842 2272 850 .

124 870 281 928 citus
310 867 595 945 legatum,
644 876 703 927 ut
740 867 1002 928 Rhenum
1030 876 1434 946 transgressus
1463 888 1618 931 arma
1661 888 1693 930 a
1727 878 1899 948 tergo
1934 879 2130 930 osten-

122 952 353 1028 deret„
378 952 508 1030 ipse
542 952 809 1028 legiones
851 953 907 1010 in
942 969 1141 1029 agrum
1173 952 1520 1015 Tencterum
1533 952 1802 1033 induxit,
1847 953 2132 1015 excidium

120 1037 425 1112 minitans,
467 1037 524 1095 ni
568 1052 796 1095 causam
841 1053 998 1097 suam
1041 1036 1447 1113 dissociarent.
1505 1040 1681 1116 igitur
1722 1038 2132 1099 absistentibus

120 1120 215 1181 his
248 1122 374 1199 pari
406 1129 559 1179 metu
594 1120 853 1179 exterriti
884 1119 1175 1189 Bructeri;
1220 1130 1280 1181 et
1307 1124 1521 1183 ceteris
1554 1139 1782 1201 quoque
1813 1122 1998 1183 aliena
2029 1141 2128 1201 pe-

121 1204 311 1265 ricula
343 1202 785 1263 defendentibus
814 1204 946 1265 sola
973 1203 1469 1285 Ampsivariorum
1510 1224 1659 1283 gens
1702 1215 1860 1266 retro
1901 1206 1973 1267 ad
2001 1207 2130 1267 Usi·
2153 1228 2202 1269 15

122 1306 241 1370 pos
274 1297 333 1347 et
363 1287 655 1349 Tubantes
690 1289 1002 1347 concessit.
1066 1306 1306 1366 quorum
1346 1292 1517 1350 terris
1559 1291 1749 1350 exacti
1792 1306 1919 1350 cum
1961 1288 2130 1351 Chat-

118 1384 239 1450 tos,
275 1371 407 1432 dein
442 1370 777 1433 Cheruscos
806 1372 1121 1451 petissent,
1153 1390 1355 1435 errore
1386 1375 1566 1451 longo
1595 1374 1894 1454 hospites,
1937 1374 2132 1452 egeni,

119 1458 354 1533 hostes,
384 1457 443 1517 in
466 1455 655 1517 alieno
678 1456 835 1534 quod
863 1457 1172 1517 iuventutis
1192 1467 1321 1519 erat
1343 1457 1675 1535 caeduntur,
1709 1456 1941 1519 inbellis
1968 1467 2130 1519 aetas

120 1544 179 1601 in
211 1540 487 1621 praedam
518 1540 702 1600 divisa
734 1549 842 1599 est.
1122 1606 1139 1621 Ι

255 1626 357 1685 57.
404 1623 625 1684 Eadem
671 1633 893 1685 aestate
932 1625 1085 1683 inter
1125 1624 1557 1686 Hermunduros
1601 1624 1956 1705 Chattosque
2003 1643 2127 1696 cer-

118 1720 303 1771 tatum
344 1726 555 1786 magno
606 1709 861 1790 proelio,
908 1708 1037 1768 dum
1081 1707 1291 1771 flumen
1335 1710 1629 1789 gignendo
1672 1710 1794 1770 sale
1825 1708 2132 1769 fecundum

122 1799 185 1855 e't
232 1796 649 1862 conterminum
700 1794 759 1853 vi
810 1793 1071 1870 trahunt,
1138 1813 1316 1875 super
1358 1794 1650 1855 libidinem
1700 1802 1906 1853 cuncta
1956 1794 2128 1854 armis

122 1878 340 1957 agendi
369 1878 659 1957 religione
690 1879 888 1955 insita,
919 1894 1026 1937 eos
1048 1878 1294 1943 maxime
1326 1878 1495 1938 locos
1531 1878 1926 1956 propinquare
1961 1878 2130 1937 caelo

125 1979 461 2045 precesque
512 1962 839 2026 mortalium
890 1979 924 2022 a
966 1961 1093 2022 deis
1137 1952 1417 2041 nusquam
1453 1960 1694 2041 propius
1737 1960 1940 2021 audiri.
1997 1960 2132 2046 ind‘e
2158 1988 2182 2028 5

120 2047 489 2124 indulgentia=
522 2050 810 2108 numinum
848 2045 952 2128 illo
994 2047 1050 2107 in
1094 2045 1260 2105 amne
1290 2045 1528 2124 illisque
1568 2044 1733 2104 silvis
1772 2043 1953 2103 salem
1997 2061 2131 2124 pro-

120 2133 352 2206 venire,
384 2147 501 2190 non
534 2141 595 2190 ut
630 2131 771 2190 alias
802 2128 953 2209 apud
976 2137 1187 2206 gentes
1211 2129 1402 2189 eluvie
1431 2130 1606 2189 maris
1630 2137 1936 2188 arescente
1961 2127 2132 2205 unda,

124 2213 238 2274 sed
267 2231 445 2293 super
483 2214 781 2274 ardentem
811 2212 1082 2273 arborum
1110 2222 1326 2274 struem
1366 2213 1494 2274 fusa
1539 2231 1615 2274 ex
1651 2214 1956 2277 contrariis
1985 2214 2134 2274 inter

123 2317 196 2359 se
230 2296 549 2374 elementis,
579 2300 716 2388 igne
750 2306 921 2376 atque
955 2297 1149 2376 aquis,
1188 2307 1541 2360 concretum.
1608 2295 1712 2358 sed
1741 2296 1957 2360 bellum
1983 2297 2133 2360 Her·

120 2380 421 2442 mundaris
461 2398 841 2461 prosperum,
894 2379 1117 2442 Chattis
1160 2382 1462 2443 exitiosius
1501 2383 1657 2461 fuit„
1698 2382 1832 2460 quia
1873 2384 2133 2444 victores
2155 2407 2203 2448 ιο

123 2468 419 2532 diversam
448 2467 631 2527 aciem
657 2463 825 2526 Marti
856 2461 1244 2526 ac‘Mercurio
1281 2485 1628 2542 sacravere,
1670 2482 1784 2544 quo
1827 2474 1967 2526 voto
1999 2466 2133 2543 equi

122 2552 254 2627 viri,
289 2559 494 2610 cuncta
531 2552 683 2611 victa
712 2549 1001 2610 occidioni
1032 2549 1254 2612 dantur.
1311 2560 1370 2612 et
1407 2552 1595 2611 minae
1628 2548 1860 2630 quidem
1888 2549 2133 2609 hostiles

123 2637 182 2696 in
224 2636 388 2714 ipsos
428 2634 753 2695 vertebant.
812 2633 917 2695 sed
958 2635 1164 2696 civitas
1216 2633 1500 2698 Ubiorum
1555 2636 1716 2694 socia
1764 2633 1936 2696 nobis
1975 2632 2130 2694 malo

120 2718 433 2798 inproviso
466 2718 693 2780 adflicta
724 2728 831 2780 est·
890 2737 1021 2780 nam
1050 2719 1219 2798 ignes
1247 2729 1404 2780 terra
1435 2718 1576 2782 editi
1600 2716 1773 2778 villas
1801 2719 2132 2778 arvavicos

126 2804 345 2882 passim
368 2803 768 2883 corripiebant
795 2802 1250 2888 ferebanturque
1277 2805 1335 2864 in
1365 2805 1495 2884 ipsa
1522 2801 1792 2864 conditae
1824 2820 2010 2881 nuper
2031 2817 2130 2860 co·
2155 2827 2202 2867 15

122 2887 322 2948 Ioniae
364 2890 612 2948 moenia.
670 2905 863 2970 neque
906 2889 1163 2966 extingui
1202 2897 1500 2968 poterant,
1539 2905 1660 2948 non
1703 2886 1753 2946 si
1791 2885 2005 2947 imbres
2035 2902 2130 2944 ca·

54 3035 62 3043 ,
127 2971 367 3050 derent,
422 2989 539 3034 non
578 2971 907 3034 fluvialibus
952 2973 1117 3052 aquis
1160 2982 1257 3034 aut
1300 2991 1433 3054 quo¹
1457 2972 1573 3034 alio
1617 2972 1893 3047 humore,
1944 2970 2134 3031 donec

127 3057 326 3136 inopia
354 3055 737 3120 remediorum
772 3066 831 3118 et
856 3058 942 3118 ira
974 3053 1156 3116 cladis
1186 3066 1456 3135 agrestes
1485 3053 1717 3136 quidam
1741 3055 1958 3118 eminus
1994 3070 2134 3114 saxa

128 3141 356 3219 iacere,
402 3141 535 3202 dein
562 3139 969 3202 resistentibus
998 3140 1237 3201 flammis
1279 3143 1524 3222 propi-us
1563 3141 1871 3219 suggressi
1901 3140 2020 3199 ictu
2048 3138 2132 3199 fu-

27 3271 31 3280 .
130 3226 297 3284 stium
339 3225 584 3308 aliisque
636 3225 982 3287 verberibus
1026 3235 1087 3286 ut
1136 3226 1298 3286 feras
1341 3224 1772 3285 absterrebant:
1832 3232 2130 3305 postremo
2151 3242 2203 3285 κο

128 3310 385 3386 tegmina
430 3312 664 3390 corpori
710 3311 952 3390 derepta
990 3309 1255 3388 iniciunt,
1309 3317 1521 3389 quanto
1561 3305 1747 3386 magis
1790 3307 2036 3388 profan‘a
2074 3315 2134 3367 et

131 3409 236 3455 usu
269 3393 511 3474 polluta,
541 3402 700 3456 tanto
731 3395 917 3474 magis
946 3410 1302 3476 oppressura
1336 3396 1525 3472 ignes.

248 3473 352 3538 58.
392 3477 613 3540 Eodem
656 3496 805 3542 anno
851 3478 1208 3540 Ruminalem
1251 3478 1522 3542 arborem
1560 3479 1619 3538 in
1663 3478 1937 3555 comitio,
1981 3493 2132 3556 quae
