2475 4000
562 304 565 309 ’
631 316 838 367 Lmen
880 318 993 365 xv.
1034 317 1183 366 cAP.
1230 316 1470 371 37—41.
1905 306 2044 387 299-

63 488 247 548 gnere
276 470 724 549 prohibentium,
770 480 829 531 et
858 472 988 550 quia
1020 472 1114 530 alii
1144 472 1331 571 palam
1362 471 1524 531 faces
1553 465 1834 533 iaciebant
1861 465 2032 553 atque
2047 496 2101 536 25

62 572 195 614 esse
240 554 349 615 sihi
395 564 685 615 auctorem
723 554 1215 634 vociferabantur,
1271 558 1392 613 sive
1437 565 1496 615 ut
1535 563 1757 635 raptus
1769 557 2034 617 licentius

62 647 407 699 exercerent
436 656 539 697 seu
566 640 742 699 iussu.

185 722 287 783 39.
327 722 457 781 Eo'
440 741 496 781 ιιι
537 732 799 801 tempore
837 720 993 781 Nero
1029 721 1182 781 Antii
1224 739 1404 799 agens
1442 737 1554 781 non
1583 730 1714 781 ante
1747 724 1803 780 in
1836 723 2033 784 urbem

62 820 376 881 regressus
404 814 494 865 est
530 824 695 883 quam
730 806 918 865 domui
954 806 1105 881 eiua,
1142 823 1259 903 ‘qua
1293 806 1568 865 Palatium
1599 814 1657 864 et
1683 804 2034 866 Maecenatis

59 892 265 949 hortos
307 891 767 965 continuaverat,
810 890 957 965 ignis
987 889 1418 967 propinquaret.
1480 906 1669 969 neque
1697 898 1884 948 tamen
1907 891 2038 949 sisti

62 976 275 1051 potuit,
320 974 456 1052 quin
502 982 561 1032 et
593 936 866 1034 Palatium
910 982 969 1031 et
1006 972 1205 1031 domus
1247 981 1305 1031 et
1347 982 1564 1032 cuncta
1595 975 1809 1032 circum
1847 974 2034 1032 hauri·

60 1068 273 1117 rentur.
335 1056 439 1116 sed
478 1057 755 1116 solacium
797 1056 1014 1135 populo
1056 1054 1358 1115 exturbato
1389 1074 1460 1116 ac
1493 1044 1742 1135 profugo
1776 1071 2036 1135 campum
2059 1076 2084 1117 5

57 1143 255 1202 Martis
292 1156 361 1200 ac
390 1148 751 1199 monumenta
784 1140 1113 1217 Agrippae,
1149 1136 1350 1198 hortos
1389 1141 1523 1218 quin
1554 1141 1724 1199 etiam
1763 1152 1900 1199 suos
1937 1155 2035 1218 pa·

59 1226 259 1285 tefecit
306 1232 365 1284 et
404 1204 673 1301 subitaria
706 1223 963 1282 aedificia
1012 1224 1290 1281 exstruxit
1330 1240 1478 1301 quae
1518 1218 1924 1282 multitudinem
1952 1224 2038 1281 in-

60 1326 230 1387 opem
274 1309 634 1407 acciperent3
672 1306 1065 1383 subvectaque
1096 1306 1370 1365 utensilia
1402 1306 1472 1365 ab
1505 1306 1661 1365 Ostia
1703 1315 1762 1365 et
1799 1308 2036 1385 propin·

59 1396 183 1471 quis
222 1391 573 1469 municipiis,
617 1391 972 1483 pretiumque
1011 1389 1275 1449 frumenti
1316 1392 1582 1451 minutum
1608 1408 1790 1467 usque
1821 1389 1892 1449 ad
1921 1398 2036 1449 ter-

58 1494 161 1535 nos
192 1492 471 1537 nummos
528 1492 674 1553 quae
706 1490 1040 1573 quamquam
1077 1474 1376 1552 popularia
1408 1476 1464 1533 in
1489 1475 1711 1534 inritum
1733 1473 2031 1549 cadebant,
2054 1490 2103 1531 10

58 1562 186 1637 quia
226 1566 568 1639 pervaserat
604 1574 796 1618 rumor
839 1560 967 1636 ipso
1008 1564 1272 1635 tempore
1317 1558 1610 1633 flagrantis
1657 1556 1815 1616 urbis
1855 1556 2030 1615 inisse

58 1662 184 1703 eum
228 1643 597 1704 domesticam
641 1658 909 1701 scaenam
954 1647 1045 1698 et
1058 1642 1349 1701 cecinisse
1379 1641 1683 1701 Troianum
1725 1640 2030 1717 excidium,

56 1728 391 1806 praesentia
416 1726 563 1785 mala
593 1725 833 1784 vetustis
864 1722 1121 1783 cladibus
1150 1710 1628 1784 adsimulanteml

179 1813 283 1873 40.
326 1811 507 1870 Sexto
538 1808 760 1869 demum
788 1808 881 1868 die
914 1805 1063 1886 apud
1106 1806 1248 1867 imas
1276 1803 1564 1885 Esquilias
1594 1808 1721 1867 finis
1763 1807 2032 1867 incendio

54 1894 277 1977 faetus,
309 1896 561 1971 prorutis
590 1910 696 1971 per
724 1895 1035 1952 inmensum
1061 1891 1368 1967 aedificiis,
1398 1900 1460 1949 ut
1487 1892 1789 1949 continuae
1813 1886 2032 1949 violen-

54 1980 166 2038 tiae
225 1975 460 2056 dampus
503 1985 561 2036 et
610 1976 771 2037 velut
809 1992 1051 2037 vacuum
1103 1974 1324 2034 caelum
1369 1981 1722 2033 occurreret.
1790 1973 2033 2032 necdum

54 2063 281 2140 positus
307 2069 523 2137 metus,
570 2069 628 2119 et
670 2060 840 2120 rediit
880 2057 1030 2116 haud
1072 2057 1258 2117 levius
1291 2071 1513 2115 rursum
1544 2064 1842 2132 grassatus
1881 2054 2034 2131 ignis

50 2143 265 2222 patulis
292 2145 475 2219 magis
512 2142 665 2202 urbis
696 2138 862 2219 locis,
893 2157 1081 2218 eoque
1109 2148 1340 2216 strages
1367 2139 1650 2220 hominum
1683 2139 1897 2198 minor·
1933 2138 2027 2196 de·
2051 2159 2076 2199 ⁵

48 2225 222 2287 lubra
260 2225 425 2284 deum
464 2234 523 2285 et
562 2226 819 2304 porticus
862 2223 1188 2284 amoenitati
1226 2223 1452 2282 dicatae
1493 2223 1660 2283 latius
1704 2221 2032 2302 procidere.

50 2309 307 2388 plusque
337 2309 597 2368 infamiae
628 2307 685 2366 id
714 2307 1034 2367 incendium
1064 2306 1293 2381 habuit,
1326 2309 1454 2384 quia
1476 2308 1736 2385 praediis
1767 2304 2034 2383 Tigellini
2090 2322 2094 2332 ·

52 2391 391 2453 Aemilianis
429 2401 802 2470 proruperat;
847 2388 1260 2468 videbaturque
1299 2389 1461 2451 Nero
1503 2389 1836 2450 condendae
1875 2387 2034 2448 urbis
2145 2457 2164 2464 ,

52 2492 247 2535 novae
296 2484 357 2534 et
408 2483 795 2554 cognomento
844 2491 947 2534 suo
1008 2473 1389 2552 appellandae
1431 2471 1678 2551 gloriam
1731 2487 2031 2560 quaerere.

57 2562 273 2638 quippe
326 2560 383 2617 in
431 2559 704 2635 regiones
745 2558 1196 2636 quattuordecim
1236 2558 1420 2618 Roma
1461 2554 1753 2633 dividitur,
1801 2572 2034 2632 quarum
2053 2569 2102 2611 10

58 2652 323 2720 quattuor
344 2643 605 2718 integrae
627 2641 947 2717 manebant,
978 2650 1099 2702 tres
1129 2641 1258 2700 solo
1288 2651 1454 2701 tenus
1483 2642 1776 2703 deiectae:
1811 2645 2034 2717 septem

56 2727 293 2806 reliquis
310 2742 493 2803 pauca
520 2733 800 2785 tectorum
814 2727 1060 2801 vestigia
1084 2732 1442 2803 supererant,
1462 2724 1657 2784 lacera
1677 2732 1736 2782 et
1761 2729 2029 2782 semusta.

180 2811 284 2870 41.
324 2809 603 2869 Domuum
650 2818 711 2868 et
748 2809 1057 2868 insularum
1104 2817 1163 2868 et
1204 2807 1581 2887 templorum,
1635 2823 1782 2887 quae
1826 2805 2033 2864 amissa

58 2903 215 2968 sunt,
247 2910 539 2953 numerum
567 2892 711 2950 inire
742 2891 892 2952 haud
924 2901 1250 2970 promptum
1283 2892 1484 2952 fuerit:
1515 2891 1619 2950 sed
1647 2890 2033 2949 vetustissima

56 2976 370 3054 religione,
406 2975 559 3057 quod
588 2973 823 3034 Servius
848 2975 1067 3036 Tullius
1094 2971 1318 3052 Lunae,
1363 2985 1422 3035 et
1447 2991 1652 3052 magna
1689 2991 1784 3033 ara
1817 2973 2032 3032 fanum-

60 3076 189 3136 que,
216 3079 366 3140 quae
387 3061 698 3139 praesenti
695 3055 929 3119 Herculi
950 3058 1139 3118 Arcas
1159 3057 1430 3118 Evander
1451 3065 1803 3132 sacraverat,
1827 3055 2032 3116 aedes-

58 3159 165 3219 que
194 3145 439 3206 Statoris
470 3142 625 3203 Iovis
658 3153 793 3202 vota
826 3142 1075 3202 Romulo
1104 3139 1440 3221 Numaeque
1467 3140 1632 3219 regia
1655 3149 1714 3201 et
1733 3139 2032 3200 delubrum
2054 3153 2081 3195 ιι

56 3223 271 3288 Vestae
314 3243 438 3289 cum
480 3222 789 3288 Penatibus
818 3226 1019 3305 populi
1058 3225 1296 3285 Romani
1329 3233 1558 3294 exusta;
1605 3227 1720 3288 iam
1757 3240 1908 3302 opes
1945 3232 2034 3282 tot

58 3309 315 3374 victoriis
345 3313 643 3390 quaesitae
672 3319 731 3370 ct
760 3309 1105 3370 Graecarum
1136 3307 1337 3369 artium
1365 3308 1613 3386 decora,
1657 3308 1808 3368 exim
1831 3325 2028 3366 monu-

58 3404 241 3455 menta
276 3397 637 3478 ingeniorum
691 3395 919 3494 antiqua
966 3403 1025 3452 et
1076 3393 1436 3472 incorrupta.
1484 3393 1741 3470 quamvis
1779 3393 1838 3450 in
1875 3399 2030 3449 tanta

58 3481 411 3555 resurgentis
450 3473 610 3538 urbis
668 3473 1091 3556 pulchritudine
1133 3477 1307 3536 multa
1353 3477 1615 3535 seniores
1657 3475 2028 3548 meminerint,
2115 3493 2154 3518 ..-

60 3575 203 3637 quae
252 3563 512 3640 reparari
564 3560 893 3639 nequibant.
971 3561 1135 3620 fuere
1190 3561 1286 3638 qui
1337 3558 1675 3620 adnotarent
1708 3555 1874 3617 Xml
1895 3555 2106 3618 Kam-
