2475 4000
346 207 469 272 318
722 279 733 284 μ
889 217 1225 266 CORNELII
1255 217 1490 264 TAc1r1
1513 217 1878 265 ANNALIUM

342 395 479 436 mox
520 374 815 450 flagitante
855 372 1037 449 vulgo
1080 381 1142 431 ut
1186 373 1370 432 omnia
1413 371 1595 431 studia
1639 390 1739 431 sua
1785 341 2108 471 publicaret
2159 371 2345 454 (haec

272 517 281 526 ,
342 460 491 520 enim
520 456 702 516 verba
733 456 967 533 dixere)
1001 456 1316 532 ingreditur
1353 455 1665 531 theatrum,
1719 453 1938 515 cunctis
1966 455 2228 515 citharae
2259 456 2344 515 le-

340 542 513 620 gibus
542 541 983 619 obtemperans,
1030 558 1103 599 ne
1129 540 1322 599 fessus
1352 538 1671 615 resideret,
1714 556 1786 600 ne
1819 539 2087 598 sudorem
2123 540 2238 598 nisi
2270 558 2346 599 ea

274 640 323 682 ιο
346 643 511 704 quam
541 623 757 684 indutui
788 623 1033 700 gerebat
1072 631 1239 682 veste
1278 622 1640 700 detergeret,
1689 632 1750 681 ut
1779 622 1934 683 nulla
1965 625 2084 688 oris
2115 631 2214 682 aut
2239 641 2342 683 na-

340 713 483 769 rium
531 716 899 768 excrementa
938 709 1284 766 viserentur.
1343 716 1637 785 postremo
1680 707 1867 766 flexus
1908 725 2063 784 genu
2104 716 2166 766 et
2195 723 2340 766 coe-

341 803 456 853 tum
498 793 657 852 illum
695 810 861 852 manu
913 799 1221 850 veneratus
1271 793 1584 850 sententias
1628 790 1872 850 iudicum
1917 790 2342 868 opperiebatur

339 879 747 955 lictopavore.
816 883 875 935 et
917 874 1087 954 plebs
1118 873 1345 954 quidem
1375 874 1532 934 urbis
1545 899 1578 952 ,-
1593 873 1927 935 histrionum
1957 892 2194 953 quoque
2229 893 2338 952 ge-

340 971 461 1022 stus
500 963 697 1020 iuvare
744 960 943 1036 solita,
988 958 1340 1037 personabat
1381 961 1554 1018 certis
1589 958 1777 1018 modis
1813 959 2135 1037 plausuque
2175 975 2336 1018 com-

274 1060 319 1118 is
338 1047 553 1124 posito.
617 1041 889 1103 crederes
919 1043 1140 1118 laetari,
1172 1061 1240 1102 ac
1263 1043 1513 1102 fortasse
1538 1041 1896 1103 laetabantur
1920 1061 2027 1121 per
2056 1044 2336 1102 incuriam

172 1123 176 1130 ’
337 1129 553 1208 publici
580 1127 800 1203 flagitii.
844 1137 853 1148 “

462 1214 520 1273 5.
566 1211 683 1270 Sed
731 1212 825 1288 qui
864 1211 1191 1269 remotis-e
1232 1212 1558 1289 municipiis
1597 1227 1980 1289 severumque
2028 1209 2214 1269 adhuc
2271 1219 2336 1269 et

337 1297 551 1395 antiqui
582 1296 761 1353 moris
790 1296 1105 1353 retinentes
1136 1292 1389 1371 Italiam,
1435 1297 1642 1374 quique
1673 1315 1780 1374 per
1809 1296 2158 1373 longinquas
2191 1310 2336 1372 pro·

336 1382 555 1438 vincias
594 1379 834 1438 lascivia
867 1379 1154 1457 inexperti
1183 1378 1380 1437 officio
1423 1378 1774 1455 legationum
1801 1388 1900 1438 aut
1936 1380 2158 1458 privata
2182 1377 2331 1436 utili-

336 1472 452 1522 tate
482 1462 835 1521 advenerant
851 1479 1090 1539 ,neque
1118 1471 1416 1544 aspectum
1445 1463 1608 1522 illum
1631 1464 1885 1523 tolerare
1919 1480 2108 1540 neque
2142 1460 2332 1520 labori

290 1565 314 1604 5
336 1545 641 1604 inhonesto
684 1544 989 1620 sufficere,
1038 1563 1165 1604 cum
1197 1531 1455 1605 manibus
1483 1548 1698 1606 nesciis
1731 1547 2098 1621 fatiscerent,
2133 1544 2326 1606 turba·

274 1647 279 1664 ¹
334 1637 462 1688 rent
509 1644 727 1706 gnaros
768 1645 836 1686 ac
878 1645 1057 1705 saepe
1090 1647 1123 1688 a
1152 1629 1424 1688 militibus
1457 1629 1933 1707 verberarentur,
1966 1631 2062 1708 qui
2088 1647 2198 1707 per
2233 1646 2328 1687 cu-

332 1730 479 1772 neos
515 1710 773 1788 stabant,
816 1731 891 1770 ne
930 1711 1083 1789 quod
1127 1715 1408 1790 temporis
1451 1723 1797 1774 momentum
1842 1715 2028 1793 inpari
2069 1713 2328 1774 clamore

334 1805 429 1856 aut
476 1795 705 1855 silentio
748 1797 913 1873 segni
963 1799 1326 1873 praeteriret.
1399 1800 1652 1858 constitit
1692 1799 2006 1877 plerosque
2050 1798 2327 1874 equitum,

333 1881 462 1940 dum
499 1883 603 1959 pe'r
637 1881 929 1957 angustias
963 1880 1146 1940 aditus
1178 1890 1236 1940 et
1274 1881 1634 1959 ingruentem
1662 1881 2072 1941 multitudinem
2101 1881 2326 1939 enitun-

264 1981 313 2023 ιο
333 1974 454 2043 tur,
489 1962 767 2041 obtritos,
806 1974 864 2023 et
895 1964 1069 2042 alios,
1114 1959 1244 2024 du‘m
1275 1966 1423 2027 diem
1455 1975 1801 2045 noctemque
1830 1963 2108 2025 sedilibus
2143 1965 2324 2024 con'ti-

330 2058 519 2127 nuant,
549 2048 753 2109 morbo
778 2048 1057 2109 exitiabili
1084 2059 1410 2129 correptos.
1477 2052 1692 2130 quippe
1724 2052 1960 2128 gravior
1990 2051 2176 2109 inerat
2204 2066 2324 2107 me·

329 2143 451 2210 tus,
502 2135 549 2191 si
596 2133 936 2211 spectaculo
982 2133 1330 2210 defuissent,
1380 2135 1570 2194 multis
1602 2136 1788 2214 palam
1831 2144 1891 2194 et
1931 2132 2191 2212 pluribus
2225 2149 2325 2191 oc-

332 2217 521 2292 cultis,
542 2225 601 2275 ut
624 2217 848 2276 nomina
872 2235 941 2275 ac
962 2217 1174 2294 voltus,
1199 2217 1554 2278 alacritatem
1576 2220 1972 2297 tristitiamque
1997 2218 2326 2277 coeuntium

334 2307 744 2359 scrutarentur.
802 2299 950 2359 unde
978 2300 1333 2361 tenui-oribus
1365 2304 1551 2363 statim
1580 2306 1842 2379 inrogata
1875 2301 2197 2379 supplicia,
2227 2300 2323 2359 ad-

262 2404 310 2444 15
331 2400 557 2443 versum
596 2384 867 2443 inlustres
909 2384 1314 2444 dissimulatum
1347 2386 1418 2445 ad
1464 2404 1742 2465 praesens
1777 2395 1834 2445 et
1868 2402 2010 2445 ,mox
2039 2384 2320 2443 redditum

330 2466 539 2527 odium.
598 2466 979 2546 ferebantque
1017 2470 1470 2547 Vespasianum,
1513 2478 1798 2548 tamquam
1839 2485 2042 2529 somno
2083 2470 2316 2528 conive-

325 2560 436 2628 ret,
470 2570 501 2611 a
530 2551 767 2633 Phoebo
800 2552 1009 2612 liberto
1038 2554 1381 2631 increpitum
1405 2572 1700 2632 aegreque
1725 2553 2022 2613 meliorum
2048 2550 2324 2630 precibus

328 2635 633 2712 obtectum,
665 2653 800 2695 mox
827 2638 1190 2707 inminentem
1222 2638 1538 2714 perniciem
1564 2641 1782 2697 maiore
1813 2638 1933 2697 fato
1965 2636 2272 2713 effugisse.

452 2718 508 2779 6.
549 2719 687 2779 Post
716 2721 885 2779 linem
914 2720 1116 2780 ludicri
1147 2720 1425 2798 Poppaea
1466 2731 1706 2784 mortem
1737 2720 1905 2798 obiit,
1941 2721 2181 2780 fortuita
2209 2737 2322 2777 ma-

325 2805 419 2863 riti
453 2803 777 2880 iracundia,
822 2822 853 2863 a
894 2822 1007 2882 quo
1040 2803 1285 2881 gravida
1327 2806 1441 2863 ictu
1488 2806 1664 2865 calcis
1695 2805 1921 2865 adflicta
1953 2812 2061 2863 est.
2130 2820 2322 2881 neque

326 2887 473 2946 enim
513 2905 795 2947 venenum
839 2887 1211 2965 crediderim,
1269 2891 1527 2966 quamvis
1571 2890 1800 2967 quidam
1841 2890 2164 2966 scriptores
2209 2896 2321 2945 tra-

325 2969 489 3047 dant,
523 2971 659 3053 odio
690 2974 872 3049 magis
905 2990 1070 3051 quam
1103 2991 1177 3031 ex
1208 2971 1353 3033 fide:
1390 2975 1606 3052 qqupe
1642 2973 1953 3033 liberorum
1987 2972 2232 3049 cupiens
2264 2978 2325 3028 et

189 3096 197 3103 .
275 3070 300 3109 5
325 3056 508 3115 amori
548 3056 747 3114 uxoris
793 3054 1077 3116 obnoxius
1117 3066 1261 3115 erat.
1328 3072 1540 3135 corpus
1582 3075 1696 3117 non
1743 3058 1862 3133 igni
1905 3054 2211 3129 abolitum,
2258 3060 2322 3111 ut

322 3139 615 3199 Romanus
656 3157 813 3217 mos»,
857 3141 959 3201 sed
1003 3159 1205 3218 regum
1252 3149 1622 3200 externorum
1663 3136 2075 3202 consuetudine
2123 3138 2317 3197 differ-

326 3232 440 3282 tum
492 3223 768 3284 odoribus
820 3225 1078 3284 conditur
1116 3224 1446 3303 tumuloque
1483 3223 1756 3285 Iuliorum
1783 3224 2042 3283 infertur.
2107 3222 2320 3281 ductae

325 3315 512 3366 tamen
539 3307 811 3407 publicae
846 3309 1192 3387 exsequiae,
1240 3308 1651 3387 laudavitque
1633 3328 1762 3389 ipse
1791 3307 1941 3387 apud
1974 3315 2163 3366 rostra
2193 3305 2316 3364 for-

325 3407 468 3448 mam
500 3394 621 3450 eius
654 3401 711 3451 et
742 3392 896 3469 quod
926 3391 1151 3452 divinae
1190 3393 1420 3452 infantis
1450 3410 1662 3470 parens
1703 3394 1908 3454 fuisset
1939 3390 2163 3469 aliaque
2195 3388 2314 3448 for·

218 3530 224 3536 ,
262 3480 496 3533 iotanae
524 3490 756 3533 munera
789 3492 895 3551 pro
926 3474 1246 3535 virtutibus.
