<?xml version="1.0" encoding="UTF-8"?>
<!DOCTYPE html PUBLIC "-//W3C//DTD XHTML 1.0 Transitional//EN"
    "http://www.w3.org/TR/xhtml1/DTD/xhtml1-transitional.dtd">
<html xmlns="http://www.w3.org/1999/xhtml" xml:lang="en" lang="en">
 <head>
  <title>
</title>
<meta http-equiv="Content-Type" content="text/html;charset=utf-8" />
  <meta name='ocr-system' content='tesseract 3.04.00' />
  <meta name='ocr-capabilities' content='ocr_page ocr_carea ocr_par ocr_line ocrx_word'/>
</head>
<body>
  <div class='ocr_page' id='page_1' title='image "./corneltacitilib00unkngoog_0178.png"; bbox 0 0 2475 4000; ppageno 0'>
   <div class='ocr_carea' id='block_1_1' title="bbox 232 169 1725 252">
    <p class='ocr_par' dir='ltr' id='par_1_1' title="bbox 232 169 1725 252">
     <span class='ocr_line' id='line_1_1' title="bbox 232 169 1725 252; baseline -0.001 0"><span class='ocrx_word' id='word_1_1' title='bbox 232 169 351 252; x_wconf 85' lang='grc'><strong>118</strong></span> <span class='ocrx_word' id='word_1_2' title='bbox 727 199 1059 248; x_wconf 67' lang='lat' dir='ltr'><strong>connium</strong></span> <span class='ocrx_word' id='word_1_3' title='bbox 1090 201 1328 250; x_wconf 70' lang='lat' dir='ltr'><strong>*mont</strong></span> <span class='ocrx_word' id='word_1_4' title='bbox 1356 203 1725 252; x_wconf 62' lang='lat' dir='ltr'><strong>nummum</strong></span> 
     </span>
    </p>
   </div>
   <div class='ocr_carea' id='block_1_2' title="bbox 46 355 2330 3539">
    <p class='ocr_par' dir='ltr' id='par_1_2' title="bbox 120 355 2330 434">
     <span class='ocr_line' id='line_1_2' title="bbox 120 355 2330 434; baseline 0 -16"><span class='ocrx_word' id='word_1_5' title='bbox 120 399 135 406; x_wconf 86' lang='lat'>-</span> <span class='ocrx_word' id='word_1_6' title='bbox 230 359 449 418; x_wconf 87' lang='lat' dir='ltr'><strong>animos</strong></span> <span class='ocrx_word' id='word_1_7' title='bbox 494 355 837 420; x_wconf 82' lang='lat' dir='ltr'><strong>audientium</strong></span> <span class='ocrx_word' id='word_1_8' title='bbox 877 355 1252 434; x_wconf 85' lang='lat' dir='ltr'><strong>impleverat:</strong></span> <span class='ocrx_word' id='word_1_9' title='bbox 1301 356 1370 416; x_wconf 89' lang='lat' dir='ltr'><strong>ad</strong></span> <span class='ocrx_word' id='word_1_10' title='bbox 1404 375 1551 418; x_wconf 80' lang='lat' dir='ltr'><strong>vana</strong></span> <span class='ocrx_word' id='word_1_11' title='bbox 1593 366 1652 419; x_wconf 87' lang='lat' dir='ltr'><strong>et</strong></span> <span class='ocrx_word' id='word_1_12' title='bbox 1679 360 1894 418; x_wconf 88' lang='lat' dir='ltr'><strong>totiens</strong></span> <span class='ocrx_word' id='word_1_13' title='bbox 1924 358 2102 418; x_wconf 81' lang='lat' dir='ltr'><strong>inrisa</strong></span> <span class='ocrx_word' id='word_1_14' title='bbox 2136 376 2246 418; x_wconf 82' lang='lat' dir='ltr'><strong>re·</strong></span> <span class='ocrx_word' id='word_1_15' title='bbox 2312 393 2330 400; x_wconf 93' lang='lat'><em>-</em></span> 
     </span>
    </p>

    <p class='ocr_par' dir='ltr' id='par_1_3' title="bbox 228 439 2248 521">
     <span class='ocr_line' id='line_1_3' title="bbox 228 439 2248 521; baseline 0.001 -21"><span class='ocrx_word' id='word_1_16' title='bbox 228 441 476 517; x_wconf 85' lang='lat' dir='ltr'><strong>volutus,</strong></span> <span class='ocrx_word' id='word_1_17' title='bbox 513 439 585 498; x_wconf 91' lang='lat' dir='ltr'><strong>de</strong></span> <span class='ocrx_word' id='word_1_18' title='bbox 613 439 907 500; x_wconf 87' lang='lat' dir='ltr'><strong>reddenda</strong></span> <span class='ocrx_word' id='word_1_19' title='bbox 928 458 994 499; x_wconf 85' lang='lat' dir='ltr'><strong>re</strong></span> <span class='ocrx_word' id='word_1_20' title='bbox 1018 439 1252 519; x_wconf 85' lang='lat' dir='ltr'><strong>publica</strong></span> <span class='ocrx_word' id='word_1_21' title='bbox 1276 449 1449 520; x_wconf 90' lang='lat' dir='ltr'><strong>utque</strong></span> <span class='ocrx_word' id='word_1_22' title='bbox 1483 441 1758 502; x_wconf 90' lang='lat' dir='ltr'><strong>consules</strong></span> <span class='ocrx_word' id='word_1_23' title='bbox 1788 461 1894 502; x_wconf 89' lang='lat' dir='ltr'><strong>seu</strong></span> <span class='ocrx_word' id='word_1_24' title='bbox 1924 444 2052 521; x_wconf 90' lang='lat' dir='ltr'><strong>quis</strong></span> <span class='ocrx_word' id='word_1_25' title='bbox 2083 442 2248 502; x_wconf 84' lang='lat' dir='ltr'><strong>alius</strong></span> 
     </span>
    </p>

    <p class='ocr_par' dir='ltr' id='par_1_4' title="bbox 178 515 2247 607">
     <span class='ocr_line' id='line_1_4' title="bbox 178 515 2247 607; baseline -0.001 -20"><span class='ocrx_word' id='word_1_26' title='bbox 178 548 204 588; x_wconf 84' lang='lat'><strong>5</strong></span> <span class='ocrx_word' id='word_1_27' title='bbox 225 525 485 602; x_wconf 86' lang='lat' dir='ltr'><strong>regimen</strong></span> <span class='ocrx_word' id='word_1_28' title='bbox 516 527 916 603; x_wconf 80' lang='lat' dir='ltr'><strong>susciperent,</strong></span> <span class='ocrx_word' id='word_1_29' title='bbox 948 542 1092 584; x_wconf 82' lang='lat' dir='ltr'><strong>vero</strong></span> <span class='ocrx_word' id='word_1_30' title='bbox 1123 541 1356 607; x_wconf 85' lang='lat' dir='ltr'><strong>quoque</strong></span> <span class='ocrx_word' id='word_1_31' title='bbox 1390 515 1448 584; x_wconf 74' lang='lat' dir='ltr'><strong>et</strong></span> <span class='ocrx_word' id='word_1_32' title='bbox 1475 524 1722 586; x_wconf 84' lang='lat' dir='ltr'><strong>honesto</strong></span> <span class='ocrx_word' id='word_1_33' title='bbox 1755 525 1927 586; x_wconf 84' lang='lat' dir='ltr'><strong>fldem</strong></span> <span class='ocrx_word' id='word_1_34' title='bbox 1959 524 2247 605; x_wconf 81' lang='lat' dir='ltr'><strong>dempsit.</strong></span> 
     </span>
    </p>

    <p class='ocr_par' dir='ltr' id='par_1_5' title="bbox 226 607 2248 687">
     <span class='ocr_line' id='line_1_5' title="bbox 226 607 2248 687; baseline 0 -19"><span class='ocrx_word' id='word_1_35' title='bbox 226 610 535 668; x_wconf 86' lang='lat' dir='ltr'><strong>memoriae</strong></span> <span class='ocrx_word' id='word_1_36' title='bbox 578 607 751 668; x_wconf 87' lang='lat' dir='ltr'><strong>Drusi</strong></span> <span class='ocrx_word' id='word_1_37' title='bbox 806 608 1011 670; x_wconf 88' lang='lat' dir='ltr'><strong>eadem</strong></span> <span class='ocrx_word' id='word_1_38' title='bbox 1067 625 1214 686; x_wconf 89' lang='lat' dir='ltr'><strong>quae</strong></span> <span class='ocrx_word' id='word_1_39' title='bbox 1271 609 1328 668; x_wconf 89' lang='lat' dir='ltr'><strong>in</strong></span> <span class='ocrx_word' id='word_1_40' title='bbox 1371 607 1768 678; x_wconf 85' lang='lat' dir='ltr'><strong>Germanicum</strong></span> <span class='ocrx_word' id='word_1_41' title='bbox 1824 610 2248 687; x_wconf 80' lang='lat' dir='ltr'><strong>decernuntur,</strong></span> 
     </span>
    </p>

    <p class='ocr_par' dir='ltr' id='par_1_6' title="bbox 226 691 2246 772">
     <span class='ocr_line' id='line_1_6' title="bbox 226 691 2246 772; baseline 0.001 -22"><span class='ocrx_word' id='word_1_42' title='bbox 226 691 523 771; x_wconf 88' lang='lat' dir='ltr'><strong>plerisque</strong></span> <span class='ocrx_word' id='word_1_43' title='bbox 571 691 807 770; x_wconf 89' lang='lat' dir='ltr'><strong>additis,</strong></span> <span class='ocrx_word' id='word_1_44' title='bbox 854 692 1137 752; x_wconf 66' lang='lat' dir='ltr'><strong>ut‘ferme</strong></span> <span class='ocrx_word' id='word_1_45' title='bbox 1184 701 1334 752; x_wconf 86' lang='lat' dir='ltr'><strong>amat</strong></span> <span class='ocrx_word' id='word_1_46' title='bbox 1381 694 1675 772; x_wconf 80' lang='lat' dir='ltr'><strong>posterior</strong></span> <span class='ocrx_word' id='word_1_47' title='bbox 1723 694 1998 754; x_wconf 82' lang='lat' dir='ltr'><strong>adulatio.</strong></span> <span class='ocrx_word' id='word_1_48' title='bbox 2060 693 2246 753; x_wconf 83' lang='lat' dir='ltr'><strong>funus</strong></span> 
     </span>
    </p>

    <p class='ocr_par' dir='ltr' id='par_1_7' title="bbox 224 775 2244 856">
     <span class='ocr_line' id='line_1_7' title="bbox 224 775 2244 856; baseline 0 -21"><span class='ocrx_word' id='word_1_49' title='bbox 224 778 532 853; x_wconf 81' lang='lat' dir='ltr'><strong>imaginum</strong></span> <span class='ocrx_word' id='word_1_50' title='bbox 562 794 777 856; x_wconf 84' lang='lat' dir='ltr'><strong>pompa</strong></span> <span class='ocrx_word' id='word_1_51' title='bbox 806 777 1054 836; x_wconf 87' lang='lat' dir='ltr'><strong>maxime</strong></span> <span class='ocrx_word' id='word_1_52' title='bbox 1083 775 1325 836; x_wconf 89' lang='lat' dir='ltr'><strong>inlustre</strong></span> <span class='ocrx_word' id='word_1_53' title='bbox 1355 775 1477 855; x_wconf 81' lang='lat' dir='ltr'><strong>fuit,</strong></span> <span class='ocrx_word' id='word_1_54' title='bbox 1511 795 1639 837; x_wconf 88' lang='lat' dir='ltr'><strong>cum</strong></span> <span class='ocrx_word' id='word_1_55' title='bbox 1670 781 1839 856; x_wconf 85' lang='lat' dir='ltr'><strong>origo</strong></span> <span class='ocrx_word' id='word_1_56' title='bbox 1871 777 2052 837; x_wconf 86' lang='lat' dir='ltr'><strong>Iuliae</strong></span> <span class='ocrx_word' id='word_1_57' title='bbox 2087 795 2244 854; x_wconf 84' lang='lat' dir='ltr'><strong>geu-</strong></span> 
     </span>
    </p>

    <p class='ocr_par' dir='ltr' id='par_1_8' title="bbox 224 857 2258 939">
     <span class='ocr_line' id='line_1_8' title="bbox 224 857 2258 939; baseline 0 -20"><span class='ocrx_word' id='word_1_58' title='bbox 224 862 297 919; x_wconf 90' lang='lat' dir='ltr'><strong>tis</strong></span> <span class='ocrx_word' id='word_1_59' title='bbox 330 861 564 920; x_wconf 81' lang='lat' dir='ltr'><strong>Aeneas</strong></span> <span class='ocrx_word' id='word_1_60' title='bbox 596 878 912 939; x_wconf 88' lang='lat' dir='ltr'><strong>omnesque</strong></span> <span class='ocrx_word' id='word_1_61' title='bbox 945 859 1302 920; x_wconf 85' lang='lat' dir='ltr'><strong>Albanorum</strong></span> <span class='ocrx_word' id='word_1_62' title='bbox 1331 878 1509 938; x_wconf 78' lang='lat' dir='ltr'><strong>reges</strong></span> <span class='ocrx_word' id='word_1_63' title='bbox 1541 870 1602 921; x_wconf 87' lang='lat' dir='ltr'><strong>et</strong></span> <span class='ocrx_word' id='word_1_64' title='bbox 1631 861 1896 923; x_wconf 88' lang='lat' dir='ltr'><strong>conditor</strong></span> <span class='ocrx_word' id='word_1_65' title='bbox 1921 857 2085 921; x_wconf 88' lang='lat' dir='ltr'><strong>urbis</strong></span> <span class='ocrx_word' id='word_1_66' title='bbox 2111 861 2258 934; x_wconf 74' lang='lat' dir='ltr'><strong>Ro-&#39;</strong></span> 
     </span>
    </p>

    <p class='ocr_par' dir='ltr' id='par_1_9' title="bbox 156 942 2244 1106">
     <span class='ocr_line' id='line_1_9' title="bbox 156 942 2244 1023; baseline -0.003 -14"><span class='ocrx_word' id='word_1_67' title='bbox 156 967 207 1009; x_wconf 74' lang='grc' dir='ltr'><strong>ιο</strong></span> <span class='ocrx_word' id='word_1_68' title='bbox 224 944 426 1020; x_wconf 89' lang='lat' dir='ltr'><strong>mulus,</strong></span> <span class='ocrx_word' id='word_1_69' title='bbox 463 954 597 1022; x_wconf 88' lang='lat' dir='ltr'><strong>post</strong></span> <span class='ocrx_word' id='word_1_70' title='bbox 625 943 836 1005; x_wconf 88' lang='lat' dir='ltr'><strong>Sabina</strong></span> <span class='ocrx_word' id='word_1_71' title='bbox 864 942 1160 1021; x_wconf 85' lang='lat' dir='ltr'><strong>nobilitas,</strong></span> <span class='ocrx_word' id='word_1_72' title='bbox 1197 942 1368 1003; x_wconf 87' lang='lat' dir='ltr'><strong>Attus</strong></span> <span class='ocrx_word' id='word_1_73' title='bbox 1405 942 1651 1018; x_wconf 84' lang='lat' dir='ltr'><strong>Clausus</strong></span> <span class='ocrx_word' id='word_1_74' title='bbox 1683 955 2034 1023; x_wconf 80' lang='lat' dir='ltr'><strong>ceteraeque</strong></span> <span class='ocrx_word' id='word_1_75' title='bbox 2057 943 2244 1004; x_wconf 89' lang='lat' dir='ltr'><strong>Clau-</strong></span> 
     </span>
     <span class='ocr_line' id='line_1_10' title="bbox 226 1013 1614 1106; baseline -0.001 -18"><span class='ocrx_word' id='word_1_76' title='bbox 226 1027 447 1102; x_wconf 86' lang='lat' dir='ltr'><strong>diorum</strong></span> <span class='ocrx_word' id='word_1_77' title='bbox 476 1013 707 1106; x_wconf 73' lang='lat' dir='ltr'><strong>effi‘gies</strong></span> <span class='ocrx_word' id='word_1_78' title='bbox 737 1027 919 1106; x_wconf 84' lang='lat' dir='ltr'><strong>longo</strong></span> <span class='ocrx_word' id='word_1_79' title='bbox 954 1027 1155 1088; x_wconf 82' lang='lat' dir='ltr'><strong>ordine</strong></span> <span class='ocrx_word' id='word_1_80' title='bbox 1191 1035 1614 1106; x_wconf 86' lang='lat' dir='ltr'><strong>spectarentur.</strong></span> 
     </span>
    </p>

    <p class='ocr_par' dir='ltr' id='par_1_10' title="bbox 219 1110 2244 1442">
     <span class='ocr_line' id='line_1_11' title="bbox 344 1110 2244 1191; baseline -0.001 -20"><span class='ocrx_word' id='word_1_81' title='bbox 344 1113 439 1174; x_wconf 90' lang='grc'><strong>10.</strong></span> <span class='ocrx_word' id='word_1_82' title='bbox 494 1110 560 1170; x_wconf 88' lang='lat' dir='ltr'><strong>In</strong></span> <span class='ocrx_word' id='word_1_83' title='bbox 602 1111 880 1173; x_wconf 88' lang='lat' dir='ltr'><strong>tradenda</strong></span> <span class='ocrx_word' id='word_1_84' title='bbox 928 1121 1115 1171; x_wconf 90' lang='lat' dir='ltr'><strong>morte</strong></span> <span class='ocrx_word' id='word_1_85' title='bbox 1143 1111 1317 1173; x_wconf 81' lang='lat' dir='ltr'><strong>Drusi</strong></span> <span class='ocrx_word' id='word_1_86' title='bbox 1365 1129 1510 1191; x_wconf 90' lang='lat' dir='ltr'><strong>quae</strong></span> <span class='ocrx_word' id='word_1_87' title='bbox 1556 1112 1836 1191; x_wconf 78' lang='lat' dir='ltr'><strong>plurimis.</strong></span> <span class='ocrx_word' id='word_1_88' title='bbox 1865 1113 2244 1188; x_wconf 84' lang='lat' dir='ltr'><strong>maximeque</strong></span> 
     </span>
     <span class='ocr_line' id='line_1_12' title="bbox 220 1195 2244 1260; baseline -0.001 -4"><span class='ocrx_word' id='word_1_89' title='bbox 220 1196 347 1257; x_wconf 84' lang='lat' dir='ltr'><strong>fidis</strong></span> <span class='ocrx_word' id='word_1_90' title='bbox 403 1197 736 1257; x_wconf 82' lang='lat' dir='ltr'><strong>auctoribus</strong></span> <span class='ocrx_word' id='word_1_91' title='bbox 792 1204 1108 1260; x_wconf 87' lang='lat' dir='ltr'><strong>memorata</strong></span> <span class='ocrx_word' id='word_1_92' title='bbox 1160 1204 1292 1256; x_wconf 84' lang='lat' dir='ltr'><strong>sunt</strong></span> <span class='ocrx_word' id='word_1_93' title='bbox 1344 1195 1570 1255; x_wconf 87' lang='lat' dir='ltr'><strong>rettuli:</strong></span> <span class='ocrx_word' id='word_1_94' title='bbox 1629 1204 1720 1255; x_wconf 89' lang='lat' dir='ltr'><strong>set</strong></span> <span class='ocrx_word' id='word_1_95' title='bbox 1772 1212 1886 1254; x_wconf 92' lang='lat' dir='ltr'><strong>non</strong></span> <span class='ocrx_word' id='word_1_96' title='bbox 1939 1195 2244 1254; x_wconf 83' lang='lat' dir='ltr'><strong>omiserim</strong></span> 
     </span>
     <span class='ocr_line' id='line_1_13' title="bbox 219 1277 2240 1358; baseline -0.001 -18"><span class='ocrx_word' id='word_1_97' title='bbox 219 1279 534 1340; x_wconf 88' lang='lat' dir='ltr'><strong>eorundem</strong></span> <span class='ocrx_word' id='word_1_98' title='bbox 565 1289 887 1358; x_wconf 89' lang='lat' dir='ltr'><strong>temporum</strong></span> <span class='ocrx_word' id='word_1_99' title='bbox 918 1297 1229 1357; x_wconf 90' lang='lat' dir='ltr'><strong>rumorem,</strong></span> <span class='ocrx_word' id='word_1_100' title='bbox 1261 1277 1510 1340; x_wconf 85' lang='lat' dir='ltr'><strong>validum</strong></span> <span class='ocrx_word' id='word_1_101' title='bbox 1539 1279 1686 1338; x_wconf 90' lang='lat' dir='ltr'><strong>adeo</strong></span> <span class='ocrx_word' id='word_1_102' title='bbox 1719 1287 1780 1337; x_wconf 89' lang='lat' dir='ltr'><strong>ut</strong></span> <span class='ocrx_word' id='word_1_103' title='bbox 1808 1277 2056 1336; x_wconf 90' lang='lat' dir='ltr'><strong>nondum</strong></span> <span class='ocrx_word' id='word_1_104' title='bbox 2088 1296 2240 1337; x_wconf 88' lang='lat' dir='ltr'><strong>exo-</strong></span> 
     </span>
     <span class='ocr_line' id='line_1_14' title="bbox 219 1361 2239 1442; baseline -0.001 -20"><span class='ocrx_word' id='word_1_105' title='bbox 219 1365 422 1423; x_wconf 71' lang='lat' dir='ltr'><strong>lescat.</strong></span> <span class='ocrx_word' id='word_1_106' title='bbox 478 1371 747 1442; x_wconf 87' lang='lat' dir='ltr'><strong>corrupta</strong></span> <span class='ocrx_word' id='word_1_107' title='bbox 792 1362 863 1422; x_wconf 90' lang='lat' dir='ltr'><strong>ad</strong></span> <span class='ocrx_word' id='word_1_108' title='bbox 896 1362 1092 1421; x_wconf 87' lang='lat' dir='ltr'><strong>scelus</strong></span> <span class='ocrx_word' id='word_1_109' title='bbox 1120 1362 1281 1422; x_wconf 85' lang='lat' dir='ltr'><strong>Livia</strong></span> <span class='ocrx_word' id='word_1_110' title='bbox 1313 1363 1581 1422; x_wconf 89' lang='lat' dir='ltr'><strong>Seianum</strong></span> <span class='ocrx_word' id='word_1_111' title='bbox 1610 1361 1796 1436; x_wconf 78' lang='lat' dir='ltr'><strong>Lygdi</strong></span> <span class='ocrx_word' id='word_1_112' title='bbox 1829 1378 2062 1438; x_wconf 87' lang='lat' dir='ltr'><strong>quoque</strong></span> <span class='ocrx_word' id='word_1_113' title='bbox 2098 1379 2239 1438; x_wconf 91' lang='lat' dir='ltr'><strong>spa-</strong></span> 
     </span>
    </p>

    <p class='ocr_par' dir='ltr' id='par_1_11' title="bbox 169 1441 2243 1858">
     <span class='ocr_line' id='line_1_15' title="bbox 169 1441 2243 1524; baseline 0.001 -22"><span class='ocrx_word' id='word_1_114' title='bbox 169 1449 384 1506; x_wconf 81' lang='lat' dir='ltr'><strong>5donis</strong></span> <span class='ocrx_word' id='word_1_115' title='bbox 430 1447 673 1504; x_wconf 89' lang='lat' dir='ltr'><strong>animum</strong></span> <span class='ocrx_word' id='word_1_116' title='bbox 721 1454 923 1524; x_wconf 88' lang='lat' dir='ltr'><strong>stupro</strong></span> <span class='ocrx_word' id='word_1_117' title='bbox 968 1446 1262 1520; x_wconf 85' lang='lat' dir='ltr'><strong>vinxisse,</strong></span> <span class='ocrx_word' id='word_1_118' title='bbox 1301 1443 1455 1522; x_wconf 90' lang='lat' dir='ltr'><strong>quod</strong></span> <span class='ocrx_word' id='word_1_119' title='bbox 1498 1446 1548 1502; x_wconf 88' lang='lat' dir='ltr'><strong>is</strong></span> <span class='ocrx_word' id='word_1_120' title='bbox 1591 1452 1782 1503; x_wconf 86' lang='lat' dir='ltr'><strong>aetate</strong></span> <span class='ocrx_word' id='word_1_121' title='bbox 1825 1441 2001 1521; x_wconf 79' lang='lat' dir='ltr'><strong>at&#39;que</strong></span> <span class='ocrx_word' id='word_1_122' title='bbox 2043 1443 2243 1504; x_wconf 81' lang='lat' dir='ltr'><strong>forma</strong></span> 
     </span>
     <span class='ocr_line' id='line_1_16' title="bbox 222 1525 2242 1606; baseline -0.002 -16"><span class='ocrx_word' id='word_1_123' title='bbox 222 1547 389 1590; x_wconf 87' lang='lat' dir='ltr'><strong>carus</strong></span> <span class='ocrx_word' id='word_1_124' title='bbox 420 1526 650 1586; x_wconf 91' lang='lat' dir='ltr'><strong>domino</strong></span> <span class='ocrx_word' id='word_1_125' title='bbox 687 1529 951 1604; x_wconf 88' lang='lat' dir='ltr'><strong>interque</strong></span> <span class='ocrx_word' id='word_1_126' title='bbox 983 1529 1271 1606; x_wconf 88' lang='lat' dir='ltr'><strong>primores</strong></span> <span class='ocrx_word' id='word_1_127' title='bbox 1302 1527 1594 1586; x_wconf 88' lang='lat' dir='ltr'><strong>ministros</strong></span> <span class='ocrx_word' id='word_1_128' title='bbox 1624 1534 1778 1596; x_wconf 85' lang='lat' dir='ltr'><strong>erat;</strong></span> <span class='ocrx_word' id='word_1_129' title='bbox 1823 1525 2034 1586; x_wconf 90' lang='lat' dir='ltr'><strong>deinde</strong></span> <span class='ocrx_word' id='word_1_130' title='bbox 2076 1529 2242 1586; x_wconf 88' lang='lat' dir='ltr'><strong>inter</strong></span> 
     </span>
     <span class='ocr_line' id='line_1_17' title="bbox 221 1611 2240 1690; baseline -0.001 -18"><span class='ocrx_word' id='word_1_131' title='bbox 221 1612 495 1672; x_wconf 89' lang='lat' dir='ltr'><strong>conscios</strong></span> <span class='ocrx_word' id='word_1_132' title='bbox 538 1611 635 1671; x_wconf 91' lang='lat' dir='ltr'><strong>ubi</strong></span> <span class='ocrx_word' id='word_1_133' title='bbox 676 1611 843 1670; x_wconf 89' lang='lat' dir='ltr'><strong>locus</strong></span> <span class='ocrx_word' id='word_1_134' title='bbox 884 1611 1149 1669; x_wconf 85' lang='lat' dir='ltr'><strong>veneficii</strong></span> <span class='ocrx_word' id='word_1_135' title='bbox 1196 1619 1539 1690; x_wconf 86' lang='lat' dir='ltr'><strong>tempusque</strong></span> <span class='ocrx_word' id='word_1_136' title='bbox 1593 1611 1900 1689; x_wconf 89' lang='lat' dir='ltr'><strong>conposita</strong></span> <span class='ocrx_word' id='word_1_137' title='bbox 1950 1611 2099 1687; x_wconf 89' lang='lat' dir='ltr'><strong>sint,</strong></span> <span class='ocrx_word' id='word_1_138' title='bbox 2159 1627 2240 1670; x_wconf 91' lang='lat' dir='ltr'><strong>eo</strong></span> 
     </span>
     <span class='ocr_line' id='line_1_18' title="bbox 218 1691 2240 1774; baseline -0.001 -18"><span class='ocrx_word' id='word_1_139' title='bbox 218 1694 493 1757; x_wconf 88' lang='lat' dir='ltr'><strong>audaciae</strong></span> <span class='ocrx_word' id='word_1_140' title='bbox 534 1703 905 1774; x_wconf 83' lang='lat' dir='ltr'><strong>provectum,</strong></span> <span class='ocrx_word' id='word_1_141' title='bbox 950 1703 1013 1754; x_wconf 88' lang='lat' dir='ltr'><strong>ut</strong></span> <span class='ocrx_word' id='word_1_142' title='bbox 1052 1703 1313 1754; x_wconf 84' lang='lat' dir='ltr'><strong>verteret</strong></span> <span class='ocrx_word' id='word_1_143' title='bbox 1359 1703 1418 1752; x_wconf 89' lang='lat' dir='ltr'><strong>et</strong></span> <span class='ocrx_word' id='word_1_144' title='bbox 1457 1694 1690 1754; x_wconf 89' lang='lat' dir='ltr'><strong>occulto</strong></span> <span class='ocrx_word' id='word_1_145' title='bbox 1735 1693 1946 1753; x_wconf 88' lang='lat' dir='ltr'><strong>indicio</strong></span> <span class='ocrx_word' id='word_1_146' title='bbox 1978 1691 2240 1765; x_wconf 78' lang='lat' dir='ltr'><strong>Drusum</strong></span> 
     </span>
     <span class='ocr_line' id='line_1_19' title="bbox 218 1776 2236 1858; baseline -0.001 -20"><span class='ocrx_word' id='word_1_147' title='bbox 218 1780 428 1839; x_wconf 78' lang='lat' dir='ltr'><strong>veneni</strong></span> <span class='ocrx_word' id='word_1_148' title='bbox 457 1779 514 1837; x_wconf 91' lang='lat' dir='ltr'><strong>in</strong></span> <span class='ocrx_word' id='word_1_149' title='bbox 550 1788 771 1858; x_wconf 88' lang='lat' dir='ltr'><strong>patrem</strong></span> <span class='ocrx_word' id='word_1_150' title='bbox 802 1796 1054 1856; x_wconf 88' lang='lat' dir='ltr'><strong>arguens</strong></span> <span class='ocrx_word' id='word_1_151' title='bbox 1084 1787 1351 1838; x_wconf 88' lang='lat' dir='ltr'><strong>moneret</strong></span> <span class='ocrx_word' id='word_1_152' title='bbox 1372 1776 1686 1854; x_wconf 80' lang='lat' dir='ltr'><strong>Tiberium,</strong></span> <span class='ocrx_word' id='word_1_153' title='bbox 1719 1776 2005 1838; x_wconf 82' lang='lat' dir='ltr'><strong>vitandam</strong></span> <span class='ocrx_word' id='word_1_154' title='bbox 2034 1779 2236 1855; x_wconf 86' lang='lat' dir='ltr'><strong>potio·</strong></span> 
     </span>
    </p>

    <p class='ocr_par' dir='ltr' id='par_1_12' title="bbox 154 1860 2238 2277">
     <span class='ocr_line' id='line_1_20' title="bbox 154 1860 2238 1943; baseline -0.002 -18"><span class='ocrx_word' id='word_1_155' title='bbox 154 1885 204 1925; x_wconf 83' lang='grc' dir='ltr'><strong>ιο</strong></span> <span class='ocrx_word' id='word_1_156' title='bbox 221 1880 349 1922; x_wconf 89' lang='lat' dir='ltr'><strong>nem</strong></span> <span class='ocrx_word' id='word_1_157' title='bbox 380 1880 526 1943; x_wconf 87' lang='lat' dir='ltr'><strong>quae</strong></span> <span class='ocrx_word' id='word_1_158' title='bbox 557 1863 737 1942; x_wconf 88' lang='lat' dir='ltr'><strong>prima</strong></span> <span class='ocrx_word' id='word_1_159' title='bbox 768 1862 821 1922; x_wconf 92' lang='lat' dir='ltr'><strong>ei</strong></span> <span class='ocrx_word' id='word_1_160' title='bbox 860 1862 1009 1941; x_wconf 91' lang='lat' dir='ltr'><strong>apud</strong></span> <span class='ocrx_word' id='word_1_161' title='bbox 1046 1862 1222 1922; x_wconf 86' lang='lat' dir='ltr'><strong>filium</strong></span> <span class='ocrx_word' id='word_1_162' title='bbox 1255 1861 1509 1941; x_wconf 83' lang='lat' dir='ltr'><strong>epulanti</strong></span> <span class='ocrx_word' id='word_1_163' title='bbox 1539 1861 1865 1922; x_wconf 81' lang='lat' dir='ltr'><strong>offerretur.</strong></span> <span class='ocrx_word' id='word_1_164' title='bbox 1921 1879 1992 1920; x_wconf 88' lang='lat' dir='ltr'><strong>ea</strong></span> <span class='ocrx_word' id='word_1_165' title='bbox 2022 1860 2238 1921; x_wconf 80' lang='lat' dir='ltr'><strong>fraude</strong></span> 
     </span>
     <span class='ocr_line' id='line_1_21' title="bbox 222 1945 2235 2028; baseline -0 -22"><span class='ocrx_word' id='word_1_166' title='bbox 222 1954 450 2025; x_wconf 84' lang='lat' dir='ltr'><strong>captum</strong></span> <span class='ocrx_word' id='word_1_167' title='bbox 480 1965 700 2024; x_wconf 87' lang='lat' dir='ltr'><strong>senem,</strong></span> <span class='ocrx_word' id='word_1_168' title='bbox 732 1955 1041 2028; x_wconf 88' lang='lat' dir='ltr'><strong>postquam</strong></span> <span class='ocrx_word' id='word_1_169' title='bbox 1070 1945 1400 2008; x_wconf 86' lang='lat' dir='ltr'><strong>convivium</strong></span> <span class='ocrx_word' id='word_1_170' title='bbox 1432 1946 1671 2024; x_wconf 88' lang='lat' dir='ltr'><strong>inierat,</strong></span> <span class='ocrx_word' id='word_1_171' title='bbox 1706 1953 2012 2024; x_wconf 86' lang='lat' dir='ltr'><strong>exceptum</strong></span> <span class='ocrx_word' id='word_1_172' title='bbox 2048 1963 2235 2025; x_wconf 92' lang='lat' dir='ltr'><strong>pocu-</strong></span> 
     </span>
     <span class='ocr_line' id='line_1_22' title="bbox 216 2028 2236 2111; baseline -0 -19"><span class='ocrx_word' id='word_1_173' title='bbox 216 2032 332 2092; x_wconf 86' lang='lat' dir='ltr'><strong>lum</strong></span> <span class='ocrx_word' id='word_1_174' title='bbox 352 2031 543 2093; x_wconf 89' lang='lat' dir='ltr'><strong>Druso</strong></span> <span class='ocrx_word' id='word_1_175' title='bbox 568 2031 902 2101; x_wconf 79' lang='lat' dir='ltr'><strong>tradidisse3</strong></span> <span class='ocrx_word' id='word_1_176' title='bbox 936 2040 1111 2111; x_wconf 87' lang='lat' dir='ltr'><strong>atque</strong></span> <span class='ocrx_word' id='word_1_177' title='bbox 1141 2031 1243 2091; x_wconf 91' lang='lat' dir='ltr'><strong>illo</strong></span> <span class='ocrx_word' id='word_1_178' title='bbox 1268 2032 1472 2108; x_wconf 85' lang='lat' dir='ltr'><strong>ignaro</strong></span> <span class='ocrx_word' id='word_1_179' title='bbox 1495 2039 1552 2090; x_wconf 88' lang='lat' dir='ltr'><strong>et</strong></span> <span class='ocrx_word' id='word_1_180' title='bbox 1575 2030 1904 2091; x_wconf 80' lang='lat' dir='ltr'><strong>iuveniliter</strong></span> <span class='ocrx_word' id='word_1_181' title='bbox 1926 2028 2236 2091; x_wconf 85' lang='lat' dir='ltr'><strong>hauriente</strong></span> 
     </span>
     <span class='ocr_line' id='line_1_23' title="bbox 217 2112 2234 2195; baseline -0 -21"><span class='ocrx_word' id='word_1_182' title='bbox 217 2124 442 2175; x_wconf 87' lang='lat' dir='ltr'><strong>auctam</strong></span> <span class='ocrx_word' id='word_1_183' title='bbox 490 2118 900 2195; x_wconf 87' lang='lat' dir='ltr'><strong>suspitionem,</strong></span> <span class='ocrx_word' id='word_1_184' title='bbox 943 2124 1230 2194; x_wconf 87' lang='lat' dir='ltr'><strong>tamquam</strong></span> <span class='ocrx_word' id='word_1_185' title='bbox 1271 2123 1423 2175; x_wconf 89' lang='lat' dir='ltr'><strong>metu</strong></span> <span class='ocrx_word' id='word_1_186' title='bbox 1456 2122 1515 2173; x_wconf 87' lang='lat' dir='ltr'><strong>et</strong></span> <span class='ocrx_word' id='word_1_187' title='bbox 1555 2112 1781 2193; x_wconf 89' lang='lat' dir='ltr'><strong>pudore</strong></span> <span class='ocrx_word' id='word_1_188' title='bbox 1816 2112 2045 2173; x_wconf 88' lang='lat' dir='ltr'><strong>sibimet</strong></span> <span class='ocrx_word' id='word_1_189' title='bbox 2074 2116 2234 2173; x_wconf 90' lang='lat' dir='ltr'><strong>inro-</strong></span> 
     </span>
     <span class='ocr_line' id='line_1_24' title="bbox 215 2201 1383 2277; baseline -0.001 -20"><span class='ocrx_word' id='word_1_190' title='bbox 215 2208 387 2275; x_wconf 83' lang='lat' dir='ltr'><strong>garet</strong></span> <span class='ocrx_word' id='word_1_191' title='bbox 413 2209 656 2259; x_wconf 90' lang='lat' dir='ltr'><strong>mortem</strong></span> <span class='ocrx_word' id='word_1_192' title='bbox 690 2216 857 2276; x_wconf 88' lang='lat' dir='ltr'><strong>quam</strong></span> <span class='ocrx_word' id='word_1_193' title='bbox 892 2201 1039 2277; x_wconf 87' lang='lat' dir='ltr'><strong>patri</strong></span> <span class='ocrx_word' id='word_1_194' title='bbox 1075 2206 1383 2259; x_wconf 87' lang='lat' dir='ltr'><strong>struxerat.</strong></span> 
     </span>
    </p>

    <p class='ocr_par' dir='ltr' id='par_1_13' title="bbox 218 2280 2232 2614">
     <span class='ocr_line' id='line_1_25' title="bbox 348 2280 2232 2362; baseline 0 -21"><span class='ocrx_word' id='word_1_195' title='bbox 348 2282 449 2341; x_wconf 90' lang='lat'><strong>11.</strong></span> <span class='ocrx_word' id='word_1_196' title='bbox 495 2280 655 2341; x_wconf 88' lang='lat' dir='ltr'><strong>Haec</strong></span> <span class='ocrx_word' id='word_1_197' title='bbox 697 2282 877 2360; x_wconf 83' lang='lat' dir='ltr'><strong>vulgo</strong></span> <span class='ocrx_word' id='word_1_198' title='bbox 926 2282 1165 2361; x_wconf 86' lang='lat' dir='ltr'><strong>iactata,</strong></span> <span class='ocrx_word' id='word_1_199' title='bbox 1226 2300 1403 2362; x_wconf 88' lang='lat' dir='ltr'><strong>super</strong></span> <span class='ocrx_word' id='word_1_200' title='bbox 1456 2281 1514 2341; x_wconf 88' lang='lat' dir='ltr'><strong>id</strong></span> <span class='ocrx_word' id='word_1_201' title='bbox 1573 2281 1729 2359; x_wconf 91' lang='lat' dir='ltr'><strong>quod</strong></span> <span class='ocrx_word' id='word_1_202' title='bbox 1783 2280 1944 2341; x_wconf 89' lang='lat' dir='ltr'><strong>nullo</strong></span> <span class='ocrx_word' id='word_1_203' title='bbox 1991 2291 2232 2343; x_wconf 86' lang='lat' dir='ltr'><strong>auctore</strong></span> 
     </span>
     <span class='ocr_line' id='line_1_26' title="bbox 220 2364 2231 2444; baseline -0.001 -19"><span class='ocrx_word' id='word_1_204' title='bbox 220 2373 382 2425; x_wconf 89' lang='lat' dir='ltr'><strong>certo</strong></span> <span class='ocrx_word' id='word_1_205' title='bbox 429 2365 757 2443; x_wconf 82' lang='lat' dir='ltr'><strong>firmantur,</strong></span> <span class='ocrx_word' id='word_1_206' title='bbox 816 2375 1083 2444; x_wconf 83' lang='lat' dir='ltr'><strong>prompte</strong></span> <span class='ocrx_word' id='word_1_207' title='bbox 1130 2367 1497 2426; x_wconf 83' lang='lat' dir='ltr'><strong>refutaveris.</strong></span> <span class='ocrx_word' id='word_1_208' title='bbox 1581 2367 1707 2444; x_wconf 89' lang='lat' dir='ltr'><strong>quis</strong></span> <span class='ocrx_word' id='word_1_209' title='bbox 1750 2366 1900 2439; x_wconf 82' lang='lat' dir='ltr'><strong>enim</strong></span> <span class='ocrx_word' id='word_1_210' title='bbox 1948 2364 2231 2425; x_wconf 89' lang='lat' dir='ltr'><strong>mediocri</strong></span> 
     </span>
     <span class='ocr_line' id='line_1_27' title="bbox 218 2447 2221 2529; baseline 0 -22"><span class='ocrx_word' id='word_1_211' title='bbox 218 2447 543 2529; x_wconf 85' lang='lat' dir='ltr'><strong>prudentia,</strong></span> <span class='ocrx_word' id='word_1_212' title='bbox 566 2448 770 2511; x_wconf 89' lang='lat' dir='ltr'><strong>nedum</strong></span> <span class='ocrx_word' id='word_1_213' title='bbox 793 2448 1061 2509; x_wconf 84' lang='lat' dir='ltr'><strong>Tiberius</strong></span> <span class='ocrx_word' id='word_1_214' title='bbox 1084 2452 1257 2510; x_wconf 87' lang='lat' dir='ltr'><strong>tantis</strong></span> <span class='ocrx_word' id='word_1_215' title='bbox 1279 2448 1456 2511; x_wconf 88' lang='lat' dir='ltr'><strong>rebus</strong></span> <span class='ocrx_word' id='word_1_216' title='bbox 1482 2451 1792 2527; x_wconf 86' lang='lat' dir='ltr'><strong>exercitus,</strong></span> <span class='ocrx_word' id='word_1_217' title='bbox 1825 2448 2078 2509; x_wconf 88' lang='lat' dir='ltr'><strong>inaudito</strong></span> <span class='ocrx_word' id='word_1_218' title='bbox 2101 2448 2221 2507; x_wconf 83' lang='lat' dir='ltr'><strong>filio</strong></span> 
     </span>
     <span class='ocr_line' id='line_1_28' title="bbox 218 2532 2226 2614; baseline -0 -22"><span class='ocrx_word' id='word_1_219' title='bbox 218 2532 452 2592; x_wconf 87' lang='lat' dir='ltr'><strong>exitium</strong></span> <span class='ocrx_word' id='word_1_220' title='bbox 483 2533 743 2610; x_wconf 80' lang='lat' dir='ltr'><strong>offerret,</strong></span> <span class='ocrx_word' id='word_1_221' title='bbox 775 2532 948 2613; x_wconf 90' lang='lat' dir='ltr'><strong>idque</strong></span> <span class='ocrx_word' id='word_1_222' title='bbox 982 2551 1085 2593; x_wconf 84' lang='lat' dir='ltr'><strong>sua</strong></span> <span class='ocrx_word' id='word_1_223' title='bbox 1114 2550 1284 2593; x_wconf 90' lang='lat' dir='ltr'><strong>manu</strong></span> <span class='ocrx_word' id='word_1_224' title='bbox 1314 2542 1372 2593; x_wconf 91' lang='lat' dir='ltr'><strong>et</strong></span> <span class='ocrx_word' id='word_1_225' title='bbox 1402 2532 1558 2593; x_wconf 90' lang='lat' dir='ltr'><strong>nullo</strong></span> <span class='ocrx_word' id='word_1_226' title='bbox 1591 2533 1662 2594; x_wconf 91' lang='lat' dir='ltr'><strong>ad</strong></span> <span class='ocrx_word' id='word_1_227' title='bbox 1694 2532 2101 2614; x_wconf 88' lang='lat' dir='ltr'><strong>paenitendum</strong></span> <span class='ocrx_word' id='word_1_228' title='bbox 2130 2550 2226 2592; x_wconf 91' lang='lat' dir='ltr'><strong>re-</strong></span> 
     </span>
    </p>

    <p class='ocr_par' dir='ltr' id='par_1_14' title="bbox 90 2614 2234 3028">
     <span class='ocr_line' id='line_1_29' title="bbox 90 2614 2232 2696; baseline -0.001 -19"><span class='ocrx_word' id='word_1_229' title='bbox 90 2688 101 2695; x_wconf 34' lang='lat'><strong>,</strong></span> <span class='ocrx_word' id='word_1_230' title='bbox 173 2638 199 2677; x_wconf 80' lang='lat'>5</span> <span class='ocrx_word' id='word_1_231' title='bbox 221 2614 473 2692; x_wconf 73' lang='lat' dir='ltr'><strong>gressu?</strong></span> <span class='ocrx_word' id='word_1_232' title='bbox 506 2619 643 2696; x_wconf 90' lang='lat' dir='ltr'><strong>quin</strong></span> <span class='ocrx_word' id='word_1_233' title='bbox 674 2618 866 2696; x_wconf 89' lang='lat' dir='ltr'><strong>potius</strong></span> <span class='ocrx_word' id='word_1_234' title='bbox 893 2617 1207 2677; x_wconf 87' lang='lat' dir='ltr'><strong>ministrum</strong></span> <span class='ocrx_word' id='word_1_235' title='bbox 1237 2618 1448 2683; x_wconf 84' lang='lat' dir='ltr'><strong>veneni</strong></span> <span class='ocrx_word' id='word_1_236' title='bbox 1485 2620 1887 2693; x_wconf 85' lang='lat' dir='ltr'><strong>excruciaret,</strong></span> <span class='ocrx_word' id='word_1_237' title='bbox 1925 2626 2232 2677; x_wconf 82' lang='lat' dir='ltr'><strong>auctorem</strong></span> 
     </span>
     <span class='ocr_line' id='line_1_30' title="bbox 220 2700 2232 2779; baseline -0 -20"><span class='ocrx_word' id='word_1_238' title='bbox 220 2700 586 2779; x_wconf 87' lang='lat' dir='ltr'><strong>exquireret,</strong></span> <span class='ocrx_word' id='word_1_239' title='bbox 630 2701 798 2761; x_wconf 88' lang='lat' dir='ltr'><strong>insita</strong></span> <span class='ocrx_word' id='word_1_240' title='bbox 829 2700 1079 2778; x_wconf 88' lang='lat' dir='ltr'><strong>denique</strong></span> <span class='ocrx_word' id='word_1_241' title='bbox 1117 2700 1287 2760; x_wconf 88' lang='lat' dir='ltr'><strong>etiam</strong></span> <span class='ocrx_word' id='word_1_242' title='bbox 1321 2701 1377 2761; x_wconf 91' lang='lat' dir='ltr'><strong>in</strong></span> <span class='ocrx_word' id='word_1_243' title='bbox 1409 2710 1721 2763; x_wconf 87' lang='lat' dir='ltr'><strong>extraneos</strong></span> <span class='ocrx_word' id='word_1_244' title='bbox 1764 2702 2134 2763; x_wconf 84' lang='lat' dir='ltr'><strong>cunctatione</strong></span> <span class='ocrx_word' id='word_1_245' title='bbox 2170 2708 2232 2759; x_wconf 88' lang='lat' dir='ltr'><strong>et</strong></span> 
     </span>
     <span class='ocr_line' id='line_1_31' title="bbox 213 2783 2230 2863; baseline 0 -22"><span class='ocrx_word' id='word_1_246' title='bbox 213 2800 375 2842; x_wconf 89' lang='lat' dir='ltr'><strong>mora</strong></span> <span class='ocrx_word' id='word_1_247' title='bbox 408 2784 711 2845; x_wconf 86' lang='lat' dir='ltr'><strong>adversum</strong></span> <span class='ocrx_word' id='word_1_248' title='bbox 742 2787 967 2843; x_wconf 91' lang='lat' dir='ltr'><strong>unicum</strong></span> <span class='ocrx_word' id='word_1_249' title='bbox 999 2793 1056 2844; x_wconf 92' lang='lat' dir='ltr'><strong>et</strong></span> <span class='ocrx_word' id='word_1_250' title='bbox 1091 2783 1302 2844; x_wconf 87' lang='lat' dir='ltr'><strong>nullius</strong></span> <span class='ocrx_word' id='word_1_251' title='bbox 1337 2794 1467 2845; x_wconf 88' lang='lat' dir='ltr'><strong>ante</strong></span> <span class='ocrx_word' id='word_1_252' title='bbox 1501 2784 1703 2863; x_wconf 84' lang='lat' dir='ltr'><strong>flagitii</strong></span> <span class='ocrx_word' id='word_1_253' title='bbox 1728 2793 2072 2862; x_wconf 86' lang='lat' dir='ltr'><strong>conpertum</strong></span> <span class='ocrx_word' id='word_1_254' title='bbox 2101 2790 2230 2843; x_wconf 86' lang='lat' dir='ltr'><strong>ute·</strong></span> 
     </span>
     <span class='ocr_line' id='line_1_32' title="bbox 215 2865 2230 2947; baseline 0 -21"><span class='ocrx_word' id='word_1_255' title='bbox 215 2865 416 2927; x_wconf 80' lang='lat' dir='ltr'><strong>retur?</strong></span> <span class='ocrx_word' id='word_1_256' title='bbox 469 2866 573 2929; x_wconf 85' lang='lat' dir='ltr'><strong>sed</strong></span> <span class='ocrx_word' id='word_1_257' title='bbox 616 2870 749 2947; x_wconf 88' lang='lat' dir='ltr'><strong>quia</strong></span> <span class='ocrx_word' id='word_1_258' title='bbox 790 2869 1033 2927; x_wconf 87' lang='lat' dir='ltr'><strong>Seianus</strong></span> <span class='ocrx_word' id='word_1_259' title='bbox 1074 2869 1394 2929; x_wconf 83' lang='lat' dir='ltr'><strong>facinorum</strong></span> <span class='ocrx_word' id='word_1_260' title='bbox 1437 2870 1683 2929; x_wconf 91' lang='lat' dir='ltr'><strong>omnium</strong></span> <span class='ocrx_word' id='word_1_261' title='bbox 1723 2878 2000 2947; x_wconf 86' lang='lat' dir='ltr'><strong>repertor</strong></span> <span class='ocrx_word' id='word_1_262' title='bbox 2046 2868 2230 2929; x_wconf 87' lang='lat' dir='ltr'><strong>habe·</strong></span> 
     </span>
     <span class='ocr_line' id='line_1_33' title="bbox 214 2949 2234 3028; baseline 0.001 -20"><span class='ocrx_word' id='word_1_263' title='bbox 214 2949 413 3028; x_wconf 83' lang='lat' dir='ltr'><strong>batur,</strong></span> <span class='ocrx_word' id='word_1_264' title='bbox 472 2971 547 3013; x_wconf 90' lang='lat' dir='ltr'><strong>ex</strong></span> <span class='ocrx_word' id='word_1_265' title='bbox 574 2953 756 3012; x_wconf 79' lang='lat' dir='ltr'><strong>-nimia</strong></span> <span class='ocrx_word' id='word_1_266' title='bbox 803 2953 1041 3012; x_wconf 88' lang='lat' dir='ltr'><strong>caritate</strong></span> <span class='ocrx_word' id='word_1_267' title='bbox 1099 2954 1157 3011; x_wconf 89' lang='lat' dir='ltr'><strong>in</strong></span> <span class='ocrx_word' id='word_1_268' title='bbox 1202 2970 1332 3013; x_wconf 88' lang='lat' dir='ltr'><strong>eum</strong></span> <span class='ocrx_word' id='word_1_269' title='bbox 1377 2953 1648 3014; x_wconf 87' lang='lat' dir='ltr'><strong>Caesaris</strong></span> <span class='ocrx_word' id='word_1_270' title='bbox 1692 2962 1749 3013; x_wconf 88' lang='lat' dir='ltr'><strong>et</strong></span> <span class='ocrx_word' id='word_1_271' title='bbox 1794 2962 2124 3017; x_wconf 86' lang='lat' dir='ltr'><strong>ceterorum</strong></span> <span class='ocrx_word' id='word_1_272' title='bbox 2169 2952 2234 3011; x_wconf 88' lang='lat' dir='ltr'><strong>in</strong></span> 
     </span>
    </p>

    <p class='ocr_par' dir='ltr' id='par_1_15' title="bbox 46 3036 2248 3539">
     <span class='ocr_line' id='line_1_34' title="bbox 46 3036 2227 3114; baseline 0.001 -22"><span class='ocrx_word' id='word_1_273' title='bbox 46 3049 77 3107; x_wconf 75' lang='grc'><strong>,·</strong></span> <span class='ocrx_word' id='word_1_274' title='bbox 147 3045 197 3087; x_wconf 76' lang='lat'><strong>10</strong></span> <span class='ocrx_word' id='word_1_275' title='bbox 216 3042 513 3114; x_wconf 88' lang='lat' dir='ltr'><strong>utrumque</strong></span> <span class='ocrx_word' id='word_1_276' title='bbox 569 3037 702 3097; x_wconf 89' lang='lat' dir='ltr'><strong>odio</strong></span> <span class='ocrx_word' id='word_1_277' title='bbox 757 3037 1016 3113; x_wconf 86' lang='lat' dir='ltr'><strong>quamvis</strong></span> <span class='ocrx_word' id='word_1_278' title='bbox 1061 3036 1328 3099; x_wconf 82' lang='lat' dir='ltr'><strong>fabulosa</strong></span> <span class='ocrx_word' id='word_1_279' title='bbox 1389 3046 1447 3097; x_wconf 90' lang='lat' dir='ltr'><strong>et</strong></span> <span class='ocrx_word' id='word_1_280' title='bbox 1498 3039 1759 3097; x_wconf 83' lang='lat' dir='ltr'><strong>immania</strong></span> <span class='ocrx_word' id='word_1_281' title='bbox 1813 3036 2227 3111; x_wconf 87' lang='lat' dir='ltr'><strong>credebantur,</strong></span> 
     </span>
     <span class='ocr_line' id='line_1_35' title="bbox 86 3112 2229 3202; baseline 0 -25"><span class='ocrx_word' id='word_1_282' title='bbox 86 3192 99 3202; x_wconf 29' lang='grc' dir='ltr'><em>α</em></span> <span class='ocrx_word' id='word_1_283' title='bbox 198 3112 505 3183; x_wconf 76' lang='lat' dir='ltr'><strong>‘atrociore</strong></span> <span class='ocrx_word' id='word_1_284' title='bbox 548 3138 782 3199; x_wconf 88' lang='lat' dir='ltr'><strong>semper</strong></span> <span class='ocrx_word' id='word_1_285' title='bbox 821 3118 971 3181; x_wconf 84' lang='lat' dir='ltr'><strong>fama</strong></span> <span class='ocrx_word' id='word_1_286' title='bbox 1013 3139 1153 3199; x_wconf 85' lang='lat' dir='ltr'><strong>erga</strong></span> <span class='ocrx_word' id='word_1_287' title='bbox 1188 3121 1593 3182; x_wconf 82' lang='lat' dir='ltr'><strong>dominantium</strong></span> <span class='ocrx_word' id='word_1_288' title='bbox 1630 3122 1837 3181; x_wconf 88' lang='lat' dir='ltr'><strong>exitus.</strong></span> <span class='ocrx_word' id='word_1_289' title='bbox 1902 3120 2047 3181; x_wconf 89' lang='lat' dir='ltr'><strong>ordo</strong></span> <span class='ocrx_word' id='word_1_290' title='bbox 2079 3120 2229 3179; x_wconf 88' lang='lat' dir='ltr'><strong>alio-</strong></span> 
     </span>
     <span class='ocr_line' id='line_1_36' title="bbox 213 3202 2248 3287; baseline 0.001 -28"><span class='ocrx_word' id='word_1_291' title='bbox 213 3203 311 3279; x_wconf 90' lang='lat' dir='ltr'><strong>qui</strong></span> <span class='ocrx_word' id='word_1_292' title='bbox 342 3203 584 3265; x_wconf 84' lang='lat' dir='ltr'><strong>sceleris</strong></span> <span class='ocrx_word' id='word_1_293' title='bbox 616 3223 723 3283; x_wconf 91' lang='lat' dir='ltr'><strong>per</strong></span> <span class='ocrx_word' id='word_1_294' title='bbox 753 3202 1056 3283; x_wconf 86' lang='lat' dir='ltr'><strong>Apicatam</strong></span> <span class='ocrx_word' id='word_1_295' title='bbox 1090 3206 1284 3269; x_wconf 89' lang='lat' dir='ltr'><strong>Seiani</strong></span> <span class='ocrx_word' id='word_1_296' title='bbox 1321 3205 1614 3287; x_wconf 75' lang='lat' dir='ltr'><strong>prodituS,</strong></span> <span class='ocrx_word' id='word_1_297' title='bbox 1650 3206 1949 3265; x_wconf 85' lang='lat' dir='ltr'><strong>tormentis</strong></span> <span class='ocrx_word' id='word_1_298' title='bbox 1977 3202 2248 3267; x_wconf 85' lang='lat' dir='ltr'><strong>Eudemi.</strong></span> 
     </span>
     <span class='ocr_line' id='line_1_37' title="bbox 160 3282 2228 3371; baseline 0.001 -28"><span class='ocrx_word' id='word_1_299' title='bbox 160 3300 163 3305; x_wconf 91' lang='grc'><em>·</em></span> <span class='ocrx_word' id='word_1_300' title='bbox 213 3302 283 3343; x_wconf 88' lang='lat' dir='ltr'><strong>ac</strong></span> <span class='ocrx_word' id='word_1_301' title='bbox 328 3286 513 3364; x_wconf 76' lang='lat' dir='ltr'><strong>Lygdi</strong></span> <span class='ocrx_word' id='word_1_302' title='bbox 558 3288 881 3367; x_wconf 81' lang='lat' dir='ltr'><strong>patefactus</strong></span> <span class='ocrx_word' id='word_1_303' title='bbox 930 3298 1037 3351; x_wconf 89' lang='lat' dir='ltr'><strong>est.</strong></span> <span class='ocrx_word' id='word_1_304' title='bbox 1102 3310 1293 3371; x_wconf 86' lang='lat' dir='ltr'><strong>neque</strong></span> <span class='ocrx_word' id='word_1_305' title='bbox 1340 3292 1636 3369; x_wconf 88' lang='lat' dir='ltr'><strong>quisquam</strong></span> <span class='ocrx_word' id='word_1_306' title='bbox 1685 3292 1935 3369; x_wconf 89' lang='lat' dir='ltr'><strong>scriptor</strong></span> <span class='ocrx_word' id='word_1_307' title='bbox 1984 3298 2096 3349; x_wconf 90' lang='lat' dir='ltr'><strong>tam</strong></span> <span class='ocrx_word' id='word_1_308' title='bbox 2125 3282 2228 3345; x_wconf 85' lang='lat' dir='ltr'><strong>&#39;in-</strong></span> 
     </span>
     <span class='ocr_line' id='line_1_38' title="bbox 210 3366 2228 3449; baseline 0.002 -24"><span class='ocrx_word' id='word_1_309' title='bbox 210 3366 411 3429; x_wconf 84' lang='lat' dir='ltr'><strong>fensus</strong></span> <span class='ocrx_word' id='word_1_310' title='bbox 442 3374 657 3449; x_wconf 89' lang='lat' dir='ltr'><strong>extitit,</strong></span> <span class='ocrx_word' id='word_1_311' title='bbox 689 3383 748 3433; x_wconf 87' lang='lat' dir='ltr'><strong>ut</strong></span> <span class='ocrx_word' id='word_1_312' title='bbox 783 3372 1017 3435; x_wconf 86' lang='lat' dir='ltr'><strong>Tiberio</strong></span> <span class='ocrx_word' id='word_1_313' title='bbox 1054 3374 1410 3449; x_wconf 86' lang='lat' dir='ltr'><strong>obiectaret,</strong></span> <span class='ocrx_word' id='word_1_314' title='bbox 1451 3392 1577 3433; x_wconf 90' lang='lat' dir='ltr'><strong>cum</strong></span> <span class='ocrx_word' id='word_1_315' title='bbox 1616 3375 1803 3433; x_wconf 83' lang='lat' dir='ltr'><strong>omnia</strong></span> <span class='ocrx_word' id='word_1_316' title='bbox 1835 3373 1945 3434; x_wconf 92' lang='lat' dir='ltr'><strong>alia</strong></span> <span class='ocrx_word' id='word_1_317' title='bbox 1981 3373 2228 3449; x_wconf 86' lang='lat' dir='ltr'><strong>conqui-</strong></span> 
     </span>
     <span class='ocr_line' id='line_1_39' title="bbox 142 3454 2230 3539; baseline 0.002 -28"><span class='ocrx_word' id='word_1_318' title='bbox 142 3471 194 3511; x_wconf 65' lang='grc' dir='ltr'><strong>ιε</strong></span> <span class='ocrx_word' id='word_1_319' title='bbox 214 3460 411 3511; x_wconf 80' lang='lat' dir='ltr'><strong>rei-ent</strong></span> <span class='ocrx_word' id='word_1_320' title='bbox 459 3454 956 3539; x_wconf 85' lang='lat' dir='ltr'><strong>intenderentque.</strong></span> <span class='ocrx_word' id='word_1_321' title='bbox 1028 3458 1164 3519; x_wconf 88' lang='lat' dir='ltr'><strong>mihi</strong></span> <span class='ocrx_word' id='word_1_322' title='bbox 1212 3456 1473 3518; x_wconf 86' lang='lat' dir='ltr'><strong>tradendi</strong></span> <span class='ocrx_word' id='word_1_323' title='bbox 1530 3458 1928 3537; x_wconf 85' lang='lat' dir='ltr'><strong>arguendique</strong></span> <span class='ocrx_word' id='word_1_324' title='bbox 1972 3456 2230 3517; x_wconf 87' lang='lat' dir='ltr'><strong>rumoris</strong></span> 
     </span>
    </p>
   </div>
  </div>
 </body>
</html>
