2475 4000
400 189 559 252 ·158
866 231 873 236 «
932 201 1263 248 connnnn
1307 201 1542 250 TACITI
1569 202 1940 252 ANNALmn
2006 189 2024 209 ⁷

437 373 776 437 quemquam
804 355 1077 434 exemplo
1106 355 1377 417 adsumo:
1419 365 1692 432 cunctos,
1738 357 1833 434 qui
1876 361 2178 421 novissimi
2220 368 2463 436 consilii

439 451 715 520 expertes
746 441 986 518 fuimus,
1036 431 1169 499 nieo
1200 442 1366 502 unius
1399 439 1726 500 discrimine
1757 440 2082 504 defendam.
2142 463 2271 507 non
2305 455 2463 511 euim¹

438 527 707 589 Seianum
736 524 1186 601 Vulsiniensem,
1218 533 1310 584 set
1343 523 1620 586 Claudiae
1651 534 1710 583 et
1741 523 1927 586 Iuliae
1959 527 2165 588 domus
2203 541 2463 612 partem‚:

368 632 418 674 15
438 629 580 690 quas
610 609 900 670 adfinitate
931 616 1346 687 occupaverat,
1377 618 1552 686 tuum,
1585 607 1828 686 Caesar,
1860 628 2164 690 generum,
2198 617 2284 674 tui
2317 636 2463 684 con-¹

437 695 653 756 sulatus
684 695 923 770 socium,
953 703 1050 752 tua
1086 692 1282 753 officia
1313 695 1369 752 in
1402 699 1466 752 re
1499 692 1747 774 publica
1764 705 2178 772 capessentem
2213 701 2463 762 colcha-2

435 797 579 839 mus,
640 795 753 837 non
798 786 887 836 est
928 785 1184 837 nostrum
1218 778 1520 836 aestimare
1553 795 1722 856 quem
1755 781 1932 856 su'pra
1957 789 2204 842 ceteros
2239 793 2300 843 et
2329 787 2444 865 qui-

434 863 543 924 bus
581 861 655 921 de
700 861 887 921 causis
922 859 1206 942 extollas:
1249 860 1350 920 tibi
1391 879 1666 920 summum
1711 879 1902 922 rerum
1943 863 2222 925 iudicium
2265 868 2320 927 di
2349 869 2463 938 ἀει-Ξ

436 949 597 1024 dere,
622 945 793 1005 nobis
822 944 1089 1023 obsequii
1120 944 1308 1021 gloria
1333 945 1538 1004 relicta
1562 953 1672 1004 est.
1725 955 2056 1024 spectamus
2083 967 2274 1028 porro
2301 963 2463 1031 quae÷

366 1053 419 1094 20
440 1049 633 1093 coram
662 1029 963 1105 habentur,
996 1030 1087 1088 cui
1113 1038 1270 1105 exte
1295 1045 1442 1108 opes
1465 1029 1742 1106 honores,
1779 1032 1907 1109 quis
1937 1031 2192 1109 plurima
2221 1038 2440 1097 iuvandi

434 1113 761 1176 nocendive
794 1115 1072 1192 potentia,
1108 1131 1257 1191 quae
1293 1113 1504 1173 Seiano
1538 1114 1717 1172 fuisse
1748 1132 1918 1174 nemo
1953 1121 2292 1192 negaverit.
2349 1115 2463 1188 τιὴ-ξ

437 1201 599 1260 ditos·
612 1199 895 1279 principis
916 1213 1140 1274 sensus,
1174 1207 1244 1257 et·
1255 1199 1306 1256 si
1329 1197 1463 1276 quid
1493 1197 1778 1262 occultius
1803 1209 1986 1277 parat,
2019 1205 2338 1280 exquirere
2359 1207 2436 1264 in·
2462 1195 2463 1268 ἶ

434 1285 683 1359 licitum,
717 1285 965 1360 anceps:
999 1299 1111 1342 uec
1134 1282 1274 1342 ideo
1305 1281 1648 1360 adsequare.
1706 1301 1810 1359 ne,
1852 1293 2052 1362 patres
2095 1285 2463 1368 conscripti,}

436 1368 687 1427 ultimum
717 1367 907 1426 Seiani
936 1365 1117 1442 diem,
1154 1366 1260 1425 sed
1290 1365 1547 1426 sedecim
1587 1383 1768 1426 annos
1797 1369 2219 1445 cogitaveritis.
2271 1374 2434 1431 etiam

364 1474 418 1512 25
438 1452 683 1511 Satrium
728 1445 918 1528 atque'
944 1450 1320 1530 Pomponium
1361 1449 1805 1520 venerabamur;
1852 1451 2078 1512 libertis
2109 1472 2342 1534 quoque
2369 1473 2434 1515 ac

437 1533 775 1596 ianitoribus
816 1535 943 1592 eius
985 1543 1303 1594 notescere
1346 1551 1454 1615 pro
1484 1535 1792 1612 magnifico
1825 1536 2251 1614 accipiebatur.
2311 1539 2463 1618 quid¹

438 1617 627 1696 ergo?
668 1618 991 1678 indistincta
1030 1619 1179 1678 haec
1222 1619 1488 1679 defensio
1527 1629 1586 1678 et
1617 1621 1908 1698 promisca
1943 1619 2222 1683 dabitur?
2277 1613 2463 1684 immo'

436 1704 598 1764 iustis
626 1703 883 1762 terminis
914 1703 1209 1765 dividatur.
1270 1703 1508 1764 insidiae
1552 1705 1609 1762 in
1651 1721 1773 1763 rem
1817 1704 2138 1784 publicam,
2205 1701 2439 1770 consilia

440 1787 634 1848 caedis
680 1787 983 1848 adversum
1023 1789 1430 1867 imperatorem
1475 1788 1806 1867 puniantur:
1857 1788 1930 1848 de
1959 1790 2219 1853 amicitia
2262 1805 2320 1854 et
2361 1795 2438 1853 of-

368 1896 419 1936 ao
438 1873 583 1933 liciis
612 1871 764 1932 idem
796 1871 925 1932 linis
956 1881 1013 1932 et
1042 1882 1121 1950 te,
1156 1871 1394 1949 Caesar,
1431 1882 1488 1931 et
1525 1890 1636 1932 nos
1665 1871 2032 1933 absolverit.5

368 1968 401 2025 9
562 1959 657 2019 15.
696 1956 1032 2019 Constantia
1066 1959 1368 2035 orationis,
1401 1966 1460 2018 et
1484 1959 1616 2036 quia
1637 1965 1907 2042 repertus
1933 1967 2058 2020 erat
2082 1961 2186 2038 qui
2213 1962 2442 2022 efferret

438 2062 584 2122 qnae
604 2060 805 2103 omnes
828 2045 1011 2103 animo
1032 2043 1344 2120 agitabant,
1377 2059 1450 2102 eo
1487 2061 1670 2120 usque
1693 2052 1961 2120 potuere,
1979 2054 2042 2103 ut
2061 2056 2440 2106 accusatores

438 2129 579 2203 eius,
596 2127 803 2186 additis
823 2144 973 2204 quae
990 2136 1121 2186 ante
1134 2127 1514 2205 deliquerant,
1537 2127 1712 2187 exilio
1727 2137 2021 2187 autmorte
2043 2128 2439 2191 multarentur.
2462 2166 2463 2195 2

562 2212 813 2271 Secutae
854 2209 1065 2271 dehinc
1095 2210 1312 2270 Tiberii
1354 2212 1558 2271 literae
1603 2212 1658 2271 in
1700 2212 1838 2270 Sex.
1870 2211 2162 2272 Vistilium
2211 2224 2440 2293 praeto-

390 2319 415 2357 5
436 2297 601 2372 rium,
630 2312 797 2373 quem
817 2292 1009 2353 Druso
1033 2296 1196 2355 fratri
1218 2312 1521 2374 percarum
1543 2297 1601 2354 in
1625 2294 1926 2355 cohortem
1949 2314 2109 2356 suam
2131 2299 2442 2357 transtule-

436 2374 543 2437 rat'.
602 2396 778 2439 causa
816 2378 1158 2439 offensionis
1201 2380 1434 2441 Vistilio
1476 2379 1612 2457 ruit,
1675 2396 1778 2437 seu
1823 2375 2236 2459 composuerat
2265 2400 2442 2459 quae-

436 2462 563 2524 dam
590 2464 649 2523 in
680 2462 875 2525 Gaium
909 2461 1222 2523 Caesarem
1253 2473 1314 2522 ut
1341 2465 1707 2542 impudicum,
1741 2466 1866 2523 s-iv'e
1889 2465 2038 2524 ficto
2051 2464 2246 2525 habita
2270 2466 2440 2525 tides.

436 2556 607 2625 atque
656 2547 730 2608 ob
779 2547 837 2607 id
881 2548 1148 2607 convictu
1193 2548 1472 2627 principis
1524 2546 1845 2627 prohibitus
1887 2566 2014 2607 cum
2060 2550 2231 2608 senili
2271 2568 2442 2609 manu

436 2633 650 2707 ferrum
687 2632 1121 2710 temptavisset,
1160 2631 1384 2707 obligat
1425 2650 1606 2692 venas
1620 2656 1633 2702 ;
1689 2642 2084 2711 precatusque
2131 2651 2245 2711 per
2288 2634 2440 2693 codi-

369 2736 419 2775 ιο
440 2716 641 2791 cillos,
674 2717 867 2777 immiti
898 2716 1189 2793 rescripto
1217 2732 1400 2774 venas
1429 2716 1692 2777 resolvit.
1759 2720 2074 2777 acervatim
2103 2736 2182 2776 ex
2214 2735 2296 2778 eo
2327 2718 2440 2778 An·

436 2802 563 2861 nius
593 2800 799 2875 Pollio,
831 2798 1059 2879 Appius
1088 2798 1319 2859 Silanus
1353 2800 1574 2859 Scauro
1605 2801 1899 2861 Mamerco
1928 2801 2095 2861 simul
2121 2820 2193 2860 ac
2221 2804 2438 2863 Sabino

440 2884 693 2945 Calvisio
734 2884 1047 2943 maiestatis
1088 2883 1478 2962 postulantur,
1523 2894 1582 2943 et
1624 2886 1959 2944 Vinicianus
1991 2885 2252 2947 Pollioni
2297 2888 2440 2967 patri

439 2967 805 3044 adiciebatur,
841 2967 981 3027 clari
1010 2985 1197 3043 genus
1228 2976 1288 3027 et
1315 2968 1539 3047 quidam
1563 2970 1792 3035 summis
1817 2968 2157 3030 honoribus.
2211 2981 2438 3031 contre·

437 3060 809 3130 muerantque
838 3060 1035 3129 patres
1072 3054 1231 3131 (nam
1261 3062 1468 3131 quotus
1501 3055 1744 3131 quisque
1777 3052 2084 3113 adfinitatis
2115 3064 2218 3113 aut
2247 3056 2438 3115 amici-

371 3160 419 3201 15
440 3137 553 3197 tiae
583 3144 671 3195 tot
696 3133 1014 3197 inlustrium
1044 3139 1301 3197 virorum
1335 3154 1552 3217 expers
1581 3134 1806 3214 erat‘I),
1843 3140 1902 3196 ni
1937 3136 2147 3197 Celsus
2177 3139 2440 3199 urbanae

440 3220 697 3281 cohortis
743 3220 1031 3299 tribunus,
1076 3231 1192 3281 tum
1234 3223 1384 3281 inter
1431 3220 1683 3297 indices,
1733 3220 1988 3299 Appium
2033 3231 2093 3282 et
2123 3218 2440 3283 Calvisium

440 3305 746 3366 discrimini
772 3308 1120 3374 exemisset„
1160 3301 1378 3368 Caesar
1402 3305 1682 3366 Pollionis
1703 3322 1774 3365 ac
1800 3306 2088 3366 Viniciani
2112 3307 2440 3385 Scaurique

439 3406 699 3465 causam,
732 3399 794 3450 ut
832 3391 969 3473 ipse
1004 3408 1131 3451 cum
1171 3399 1376 3451 senatu
1402 3398 1711 3465 nosceret,
1749 3388 1984 3467 distulit,
2017 3391 2168 3451 datis
2205 3391 2436 3473 quibus·

439 3472 567 3534 dam
594 3475 651 3535 in
682 3475 955 3537 Scaurum
986 3474 1240 3537 tristibus
1279 3476 1450 3535 notis.
