2475 4000
716 178 925 227 mssa
954 178 1095 228 va
1129 177 1278 225 CAP-
1307 176 1544 230 23—28.
1621 196 1625 199 -
1998 162 2120 224 327

136 336 251 395 dor
281 340 541 412 caperet,
572 330 740 392 inrita
774 348 882 409 spe
914 333 1147 409 agitari;
1181 327 1472 410 multoque
1499 330 1683 407 magis
1715 331 2018 391 timendum
2047 348 2120 390 ne

136 420 197 478 in
228 417 569 493 coniugem,
612 415 685 476 in·
706 414 1005 492 familiam,
1051 416 1108 474 in
1150 422 1347 475 cetera
1395 416 1640 493 pignora
1686 416 1808 474 eius
1848 415 2118 495 saeviret<
2138 425 2191 467 1⁰

136 499 383 581 proinde
427 499 825 575 intemeratus,
854 498 1199 577 in-pollutus,
1243 515 1483 575 querum
1521 498 1784 573 vestigiis
1823 508 1880 557 et
1920 498 2120 559 studiis

130 587 313 645 vitam
352 581 605 659 duxerit,
650 598 851 644 eorum
892 580 1081 659 gloria
1122 590 1353 661 peteret
1391 582 1580 644 finem.
1639 580 1838 641 aderat
1877 582 2122 642 consilio

128 666 407 729 Rusticus
444 665 765 746 Arulenus,
798 666 1055 743 flagrans
1076 666 1329 740 iuvenis,
1375 673 1433 724 et
1473 662 1738 743 cupidine
1769 662 1950 723 laudis
1980 665 2120 725 offe·

128 750 305 812 rebat
334 768 398 809 se
432 751 881 812 intercessurum
907 757 1147 831 ,senatus
1178 749 1476 809 consulto:
1519 764 1648 806 nam
1677 745 1836 826 plebi
1865 746 2122 807 tribunus

130 842 283 895 erat.
346 833 602 893 cohibuit
631 833 861 911 spiritus
891 834 1014 893 eius
1048 831 1323 909 Thrasea,
1349 850 1424 896 ue
1451 849 1600 893 vana
1629 840 1688 891 et
1715 847 1824 890 reo
1843 847 1960 889 non
1981 848 2115 909 pro·
2141 845 2190 885 ιε

127 920 356 993 futura,
398 916 773 977 intercessori
816 917 1062 978 exitiosa
1099 908 1405 995 inciperet.
1481 914 1589 975 sibi
1631 923 1814 975 actam
1855 922 2121 989 aetatem,

130 1010 195 1061 et
238 1009 327 1060 tot
371 1018 478 1079 per
513 1016 692 1060 annos
724 1000 1049 1063 continuum
1076 1002 1231 1059 vitae
1274 1000 1532 1061 ordinem
1558 1015 1675 1058 non
1707 997 2122 1057 deserendum:
2158 1044 2167 1051 ,

124 1086 220 1145 illi
260 1084 473 1152 initium
514 1084 943 1160 magistratuum
983 1093 1044 1144 et
1072 1084 1301 1160 integra
1334 1101 1496 1163 quae¹
1522 1084 1859 1162 supersint.-
1892 1080 2124 1140 multum

127 1177 271 1229 ante
300 1185 495 1227 secum
524 1166 901 1246 expenderet,
928 1166 1083 1246 quod
1112 1167 1212 1226 tali
1243 1165 1300 1226 in'
1329 1176 1594 1245 tempore
1617 1164 2012 1244 capessendae
2036 1166 2122 1235 rei

127 1252 409 1332 publicae
440 1252 549 1310 iter
577 1240 1001 1328 ingrederetur.
1061 1259 1320 1310 ceterum
1347 1252 1504 1330 ipse,
1534 1268 1606 1311 an
1635 1250 1836 1309 venire
1867 1250 1925 1307 in
1959 1252 2122 1307 sena·
2141 1272 2194 1313 20

125 1348 253 1396 tum
284 1334 541 1411 deceret,
570 1333 923 1395 meditationi
951 1352 1091 1395 suae
1126 1332 1377 1412 reliquit.

265 1419 365 1479 27.
410 1419 487 1477 At
532 1426 769 1497 postera
813 1418 945 1479 luce
988 1417 1134 1479 duae
1177 1417 1507 1495 praetoriae
1553 1416 1830 1479 cohortes
1870 1425 2122 1477 armatae

127 1502 411 1581 templum
442 1501 761 1561 Genetricis
790 1502 1040 1562 Veneris
1068 1500 1340 1563 insidere.
1409 1500 1616 1561 aditum
1651 1508 1884 1561 senatus
1911 1499 2126 1577 globus

125 1595 463 1663 togatorum
507 1584 818 1646 obsederat
862 1602 979 1647 non
1021 1583 1275 1647 occultis⁴
1321 1584 1560 1663 gladiis,
1610 1584 1972 1664 dispersique
2018 1601 2126 1662 per

125 1672 265 1730 fora
306 1688 375 1731 ac
416 1668 685 1730 basilicas
724 1669 891 1729 cunei
920 1668 1217 1732 militares.
1269 1670 1424 1729 inter
1468 1687 1708 1747 quorum
1752 1676 2024 1747 aspectus
2067 1674 2128 1726 et

126 1756 317 1813 minas
340 1754 592 1831 ingressi
621 1752 833 1816 curiam
864 1762 1187 1829 senatores,
1218 1762 1278 1813 et
1299 1754 1486 1813 oratio
1512 1753 1789 1830 principis
1814 1770 1921 1830 per
1950 1769 2120 1830 quae·
2145 1774 2172 1813 5

128 1847 351 1898 storem
386 1838 509 1897 eius
540 1838 729 1898 audita
762 1846 884 1899 est:
928 1839 1158 1898 nemine
1192 1837 1518 1895 nominatim
1549 1834 1898 1911 compellato
1928 1844 2125 1911 patres

128 1920 447 1998 arguebat,
481 1922 632 2001 quod
660 1920 893 2003 publica
920 1923 1107 1981 munia
1135 1919 1478 1983 desererent
1509 1934 1824 1994 eorumque
1857 1915 2123 1993 exemplo

130 2007 365 2083 equites
393 2007 633 2067 Romani
660 2006 733 2064 ad
762 2005 1067 2080 segnitiam
1098 2009 1492 2062 verterentur:
1525 2002 1736 2060 etenim
1763 1999 1899 2079 quid
1926 2002 2125 2060 mirum

130 2109 170 2147 e
204 2088 532 2165 longinquis
565 2085 883 2166 'provinciis
909 2085 1057 2147 haud
1094 2085 1300 2160 veniri,
1331 2101 1456 2146 cnm
1481 2083 1748 2162 plerique
1771 2083 1964 2162 adepti
1987 2100 2122 2144 con·

132 2168 381 2228 sulatum
410 2178 468 2228 et
507 2168 832 2229 sacerdotia
856 2169 1151 2228 hortorum
1182 2168 1374 2246 potius
1403 2168 1731 2228 amoenitati
1759 2169 2122 2228 inservirent.
2144 2191 2193 2233 10

133 2250 293 2330 quod
320 2250 479 2312 velut
507 2252 683 2312 telum
712 2253 1052 2331 corripuere
1086 2259 1480 2313 accusatores.

257 2334 359 2397 28.
402 2335 479 2396 Et
516 2336 730 2396 initium
768 2336 1021 2396 faciente
1052 2332 1430 2413 Cossutiano,
1471 2334 1689 2396 maiore
1729 2337 1786 2394 vi
1813 2335 2124 2398 Marcellus

134 2438 407 2481 summam
434 2437 557 2480 rem
586 2417 879 2499 publicam
900 2421 997 2497 agi
1028 2417 1380 2490 clamitabat;
1415 2419 1772 2479 contumacia
1793 2419 2124 2479 inferiorum

132 2505 427 2564 lenitatem
468 2505 847 2584 imperitantis
888 2503 1155 2564 deminui.
1218 2503 1446 2562 nimium
1483 2504 1652 2562 mites
1696 2501 1766 2562 ad
1809 2520 1934 2562 eam
1973 2501 2123 2562 diem

134 2596 365 2666 patres,
411 2591 505 2666 qui
548 2587 859 2648 Thraseam
892 2587 1349 2662 desciscentem,
1399 2588 1498 2664 qui
1528 2604 1806 2663 generum
1835 2588 1959 2646 eius
1985 2585 2120 2646 Hel-

134 2670 345 2730 vidium
385 2671 640 2733 Priscum
678 2672 736 2733 in
768 2671 949 2733 isdem
991 2670 1320 2746 furoribus,
1367 2669 1533 2731 simul
1570 2670 1878 2730 Paconium
1908 2669 2118 2748 Agrip·
2144 2687 2170 2726 5

136 2756 363 2832 pinum,
409 2757 635 2834 paterni
667 2757 725 2816 in
753 2757 1051 2836 principes
1080 2755 1198 2816 odii
1238 2754 1542 2830 heredem,
1591 2762 1650 2812 et
1679 2752 1932 2813 Curtium
1963 2754 2122 2814 Mon·

134 2847 324 2900 tanum
347 2838 679 2902 detestanda
706 2841 956 2900 carmina
976 2839 1332 2900 factitantem
1357 2837 1594 2899 eludere
1615 2838 1825 2917 inpune
1849 2839 2121 2897 sinerent.

140 2923 437 3001 requirere
482 2942 548 2984 se
588 2924 647 2983 in
674 2933 875 2984 senatu
908 2924 1304 3000 consularem,
1345 2924 1403 2982 in
1432 2923 1582 2982 votis
1625 2921 2020 2998 sacerdotem,
2065 2921 2124 2978 in

136 3008 258 3065 iure
288 3007 522 3068 iurando
556 3008 757 3084 civem,
792 3008 901 3068 nisi
934 3017 1140 3080 contra·
1164 3008 1420 3067 instituta
1447 3015 1508 3066 et
1543 3006 1919 3066 caerimonias
1947 3005 2120 3064 maio-

138 3108 259 3149 rum
314 3091 669 3170 proditorem
724 3091 911 3171 palam
960 3101 1019 3152 et
1074 3091 1302 3152 hostem
1347 3090 1604 3152 Thrasea
1663 3088 1956 3150 induisset.
2021 3088 2118 3148 de·
2142 3107 2191 3147 10

138 3174 305 3252 nique
336 3194 517 3254 agere
564 3184 891 3237 senatorem
932 3185 991 3238 et
1031 3177 1312 3256 principis
1348 3174 1774 3236 obtrectatores
1805 3181 2122 3252 protegere

139 3257 342 3318 solitus
381 3260 635 3337 veniret,
684 3269 953 3320 censeret
988 3260 1119 3339 quid
1158 3258 1378 3336 corrigi
1419 3266 1514 3317 aut
1549 3258 1752 3318 mutari
1792 3256 2000 3325 vellet:
2038 3256 2119 3315 fa-

142 3341 307 3402 cilius
350 3345 675 3423 perlaturos
715 3344 939 3422 singula
994 3345 1386 3424 increpantem
1428 3359 1592 3420 quam
1644 3359 1792 3401 nune
1836 3339 2120 3400 silentium

142 3425 465 3504 perferrent
493 3429 679 3489 omnia
712 3426 1047 3489 damnantis.
1108 3445 1314 3507 pacem
1343 3424 1428 3486 illi
1459 3433 1566 3504 per
1589 3423 1790 3486 orbem
1801 3433 2019 3501 terrae,
2049 3440 2123 3484 an
