2475 4000
728 156 934 205 1213ssss
960 158 1062 204 111.
1100 157 1253 205 CAP.
1283 156 1525 209 16—20.
1966 126 1983 137 ’
2057 146 2138 209 87

142 320 266 387 set,
295 318 612 370 manerent.
678 317 734 369 et
767 308 845 369 M.
879 310 1148 371 Pisonem
1185 312 1530 389 ignominiae
1574 315 1786 374 exemit
1820 316 2138 375 concessit·
2227 336 2235 343 ’

142 413 255 474 que
290 396 346 454 ei
378 402 614 471 paterna
647 391 819 471 bona,
857 395 994 455 satis
1027 394 1243 469 firmus,
1276 404 1335 455 ut
1359 414 1539 472 saepe
1562 400 1897 474 memoravi,
1931 399 2133 471 adver<
2166 423 2191 461 5
2292 417 2301 426 ·

143 496 264 537 snm
295 478 597 557 pecuniam
623 485 680 537 et
706 486 822 535 tum
852 478 1075 557 pudore
1106 479 1411 539 absolutae
1442 478 1747 540 Planci-nae
1772 481 2133 558 placabilior.

141 572 314 640 atque
343 561 516 637 idem,
552 579 678 620 cum
706 560 977 620 Valerius
1009 560 1356 624 Messalinus
1390 562 1617 638 signum
1646 581 1877 625 aureum
1906 567 1961 625 in
1988 566 2137 627 aede

139 645 339 707 Martis
363 644 602 721 UltoriS,
630 643 881 705 Caecina
909 646 1166 706 Severus
1190 665 1345 707 aram
1368 646 1603 706 ultiouis
1626 648 1977 708 statuendam
2002 668 2137 708 cen·

138 731 413 805 suissent,
452 727 762 807 prohibuit,
797 730 873 789 ob
906 739 1179 791 externas
1212 748 1281 791 ea
1312 731 1589 790 victorias
1615 733 1831 790 sacrari
1858 732 2136 807 dictitans,

135 813 454 874 domestica
486 812 634 873 mala
663 814 890 874 tristitia
919 813 1257 892 operienda.
1320 814 1621 875 addiderat
1663 813 2006 873 Messalinus
2046 816 2209 875 Ti-10

140 897 307 957 herio
340 906 400 956 et
430 895 728 973 Augustae
781 907 838 958 et
878 896 1164 958 Antoniae
1209 907 1267 957 et
1302 898 1667 977 Agrippinae
1707 898 2017 977 Drusoque
2064 899 2139 958 ob

135 982 444 1041 vindictam
469 979 790 1041 Germanici
812 990 1008 1059 grates
1041 979 1299 1060 agendas
1324 982 1712 1060 omiseratque
1740 980 1963 1043 Claudii
1987 1001 2141 1043 men·

131 1068 370 1126 tionem.
431 1074 487 1125 et
532 1064 900 1125 Messalinum
945 1067 1174 1143 quidem
1224 1065 1287 1126 L.
1343 1064 1643 1144 Asprenas
1696 1075 1898 1128 senatu
1951 1084 2145 1125 coram

135 1158 512 1227 percontatus
545 1158 634 1208 est
663 1167 732 1209 an
765 1150 1018 1227 prudens
1058 1150 1468 1229 praeterisset;
1516 1168 1585 1211 ac
1616 1159 1731 1209 tum
1775 1152 1998 1211 demum
2040 1167 2140 1209 no-

131 1252 264 1293 men
310 1231 533 1293 Claudii
576 1232 928 1311 adscriptum
976 1243 1083 1293 est.
1139 1234 1309 1308 mihi,
1360 1242 1571 1311 quanto
1615 1235 1781 1312 plura
1826 1236 2141 1294 recentium
2164 1253 2213 1292 15

113 1328 240 1377 'seu
270 1326 534 1377 veterum
562 1317 842 1392 revolvo,
877 1326 1034 1377 tanto
1067 1320 1252 1395 magis
1298 1317 1543 1378 ludibria
1585 1336 1773 1379 rerum
1818 1319 2141 1379 mortalium

131 1403 358 1462 cunctis
391 1403 450 1459 in
479 1402 732 1478 negotiis
761 1401 1163 1463 obversantur.
1218 1402 1434 1479 quippe
1457 1401 1607 1462 fama
1633 1420 1737 1481 spe
1762 1404 2138 1463 veneratione

130 1486 330 1563 potius
363 1502 563 1544 omnes
600 1484 1032 1546 destinabantur
1062 1487 1303 1564 imperio
1331 1503 1499 1563 quam
1526 1504 1694 1564 quem
1716 1486 1963 1547 futurum
1986 1488 2137 1565 prin-

133 1570 327 1647 cipem
353 1568 582 1629 fortuna
612 1569 668 1629 in
695 1570 928 1630 occulto
965 1569 1216 1630 tenebat.

263 1652 358 1713 19.
400 1652 603 1713 Paucis
635 1663 771 1733 post
802 1653 1004 1739 diebus
1038 1652 1259 1715 Caesar
1290 1662 1494 1713 auctor
1516 1656 1741 1715 senatui
1774 1655 1879 1714 fuit
1897 1654 2137 1713 Vitellio

127 1746 304 1815 atque
337 1735 590 1798 Veranio
630 1748 689 1799 et
717 1740 980 1799 Servaeo
1015 1738 1345 1808 sacerdotia
1376 1738 1694 1799 tribuendi:
1730 1737 1991 1799 Fulcinio
2022 1737 2139 1797 suf-

127 1820 375 1897 fragium
419 1820 500 1883 ad'
525 1823 780 1884 honores
809 1824 1106 1902 pollicitus
1137 1823 1354 1884 monuit
1384 1840 1457 1881 ne
1502 1822 1825 1882 facundiam
1865 1822 2139 1881 violentia

132 1907 566 1984 praecipitaret.
627 1908 676 1967 is
713 1908 840 1967 finis
862 1908 968 1967 fuit
989 1908 1054 1967 in
1079 1904 1414 1969 ulciscenda
1442 1903 1762 1972 Germanici
1792 1915 1999 1980 morte,
2024 1922 2139 1965 non

127 1990 299 2049 modo
333 1991 484 2068 apud
513 1991 650 2052 illos
683 1992 946 2052 homines
978 1992 1074 2070 qui
1107 1990 1222 2051 tum
1254 1988 1524 2067 agebant,
1557 1989 1726 2048 etiam
1755 1989 1971 2047 secutis
1997 1998 2138 2048 tem·
2166 2019 2189 2057 5

130 2074 370 2150 poribus
402 2077 560 2134 vario
602 2091 832 2136 rumore
869 2079 1097 2137 iactata.
1173 2075 1323 2135 adeo
1367 2075 1609 2133 maxima
1658 2090 1925 2151 quaeque
1966 2073 2139 2130 ambi„

125 2173 244 2232 gua
275 2166 438 2232 sunt,
471 2159 602 2217 dum
632 2159 729 2222 alii
761 2177 994 2238 quoquo
1025 2159 1201 2218 modo
1235 2157 1421 2218 audita
1447 2175 1555 2234 pro
1584 2158 1879 2235 conpertis
1903 2156 2136 2232 habent,

126 2239 228 2297 alii
258 2257 398 2300 vera
430 2239 488 2299 in
517 2245 862 2302 contrarium
895 2251 1160 2318 vertunt,
1210 2251 1271 2300 et
1300 2241 1495 2318 gliscit
1543 2252 1845 2321 utrumque
1889 2241 2134 2320 posteri-

127 2330 269 2381 tate.
344 2331 401 2382 at
443 2322 667 2386 Drusus
705 2326 850 2386 urbe
896 2343 1173 2403 egressus
1219 2323 1567 2404 repetendis
1630 2327 1940 2403 auspiciis,
2000 2343 2136 2386 mox

126 2423 313 2466 ovans
343 2407 579 2468 introiit.
640 2427 978 2489 paucosque
1014 2420 1148 2488 post
1178 2410 1303 2469 dies
1333 2410 1609 2488 Vipsania
1640 2419 1825 2470 mater
1867 2411 1989 2468 eius
2028 2427 2131 2468 ex-
2156 2431 2205 2470 10

129 2491 329 2566 cessit,
367 2509 475 2551 una
503 2494 749 2554 omnium
782 2495 1080 2574 Agrippae
1107 2494 1423 2554 liberorum
1444 2496 1565 2554 miti
1588 2493 1765 2556 obitu.
1826 2511 1951 2553 nam
1979 2500 2135 2550 cete·

128 2592 226 2634 ros
257 2575 618 2637 manifestum
650 2576 808 2639 ferro
837 2580 936 2639 vel
971 2578 1251 2640 creditum
1284 2587 1375 2638 est
1418 2594 1645 2638 veneno
1691 2585 1786 2635 aut
1838 2575 1989 2636 fame
2036 2594 2134 2634 ex-

127 2660 360 2718 tinctos.

249 2743 351 2806 20.
395 2743 620 2805 Eodem
653 2763 802 2806 anno
833 2745 1190 2820 Tacfarinas,
1223 2761 1392 2824 quem
1426 2747 1622 2822 priore
1655 2753 1872 2804 aestate
1906 2742 2133 2822 pulsum

126 2844 158 2886 a
193 2826 440 2888 Camillo
473 2833 808 2906 memoravi,
842 2829 1058 2893 bellum
1090 2833 1144 2889 in
1168 2829 1369 2890 Africa
1396 2838 1657 2904 renovat,
1693 2829 1857 2904 vagis
1896 2828 2135 2906 primum

128 2911 597 2990 populationibus
627 2923 688 2972 et
717 2914 797 2974 ob
823 2915 1224 2993 pernicitatem
1257 2913 1450 2972 inultis
1470 2957 1486 2988 ,
1534 2911 1664 2972 dein
1698 2912 1863 2975 vicos
1906 2911 2131 2970 exscin-

127 2993 290 3070 dere,
329 2996 563 3059 trahere
595 3015 812 3075 graves
842 2997 1120 3077 praedas;
1155 3006 1453 3075 postremo
1484 2996 1635 3058 haud
1662 2996 1869 3074 procul
1900 2994 2133 3073 Pagyda

125 3076 354 3140 flumine
399 3081 699 3142 cohortem
739 3081 1055 3144 Romanam
1103 3081 1492 3142 circumsedit.
1573 3089 1845 3159 praeerat
1886 3077 2135 3140 castello
2162 3095 2187 3134 5

127 3159 372 3225 Decrius
402 3167 648 3245 impiger
677 3185 876 3244 manu,
921 3167 1218 3228 exereitus
1248 3164 1447 3226 militia
1490 3173 1549 3244 et
1585 3165 1741 3225 illam
1774 3163 2137 3230 obsidionem

127 3244 324 3324 flagitii
345 3260 525 3311 ratus.
577 3253 628 3310 is
653 3251 988 3313 cohortatus
1011 3250 1223 3310 milites
1248 3259 1308 3309 ut
1334 3251 1565 3326 copiam
1589 3265 1820 3326 pugnae
1848 3249 1903 3308 in
1930 3255 2135 3324 aperto

128 3329 407 3409 facerent,
443 3336 625 3394 aciem
653 3353 760 3414 pro
793 3337 999 3396 castris
1030 3335 1277 3394 instruit.
1356 3334 1657 3411 primoque
1703 3334 1917 3409 impetu
1969 3330 2136 3409 pulsa

128 3415 364 3478 cohorte
411 3428 710 3498 promptus
750 3421 901 3495 inter
949 3418 1066 3480 tela
1115 3426 1391 3478 occursat
1434 3415 1827 3492 fugientibus,
1875 3417 2138 3492 increpat
