2475 4000
585 165 605 185 ⁸
699 197 910 267 menn
933 196 1032 244 111.
1061 185 1476 249 cAP.38—43.
1544 190 1550 198 ·
1997 183 2077 244 97

91 348 221 407 fuit:
273 348 382 408 sed
415 367 667 428 erupere
697 349 866 427 primi
892 348 1192 409 Andecavi
1223 368 1293 409 ac
1321 348 1553 408 Turoni.
1616 367 1853 427 quorum
1885 350 2076 411 Ande·

91 449 263 491 cavos
294 431 518 496 Acilius
555 431 766 492 Aviola
809 433 1069 509 legatus,
1113 433 1306 503 excita
1349 432 1589 492 cohorte
1634 451 1779 509 quae
1819 433 2077 512 Lugduni

87 516 429 592 praesidium
454 516 729 592 agitabat,
761 517 1046 575 coercuit.
1088 515 1303 574 Turoni
1328 516 1652 592 legionario
1677 518 1875 594 milite,
1908 538 2077 597 quem
2148 534 2157 545 ²

87 598 360 659 Visellius
381 599 570 659 Varro
597 600 888 658 inferioris
913 599 1255 659 Germaniae
1282 599 1507 675 legatus
1528 600 1782 679 miserat,
1814 605 2125 679 oppressis

89 683 290 743 eodem
319 682 529 743 Aviola
570 683 718 742 duce
753 693 810 742 et
841 682 1179 764 quibusdam
1213 681 1523 742 Galliarum
1564 684 1941 764 primoribus,
1982 688 2078 766 qui

87 767 268 825 tulere
299 766 603 842 auxilium,
653 784 770 845 quo
805 766 1230 826 dissimularent
1264 766 1653 826 defectionem
1683 768 1981 845 magisque
2021 772 2078 828 in

88 859 344 928 tempore
375 850 672 910 efferrent.
732 859 1034 928 spectatus
1070 859 1128 910 et
1158 852 1437 909 Sacrovir
1464 852 1681 909 intecto
1716 852 1907 927 capite
1937 870 2077 929 pug-

89 952 206 993 nam
232 950 340 1012 pro
370 932 642 993 Romanis
668 934 849 1009 ciens,
883 934 1283 1009 ostentandae,
1315 942 1376 993 ut
1405 933 1654 1011 ferebat,
1687 935 1939 993 virtutis:
1976 936 2079 995 sed

86 1019 325 1095 captivi,
374 1036 451 1077 ne
492 1019 886 1077 incesseretur
912 1017 1082 1093 telis,
1131 1018 1601 1092 adgnoscendum
1636 1035 1702 1077 se
1732 1010 2105 1095 praebuisse
2102 1042 2147 1082 ιο

83 1101 417 1177 arguebant
501 1102 797 1161 consultus
839 1119 1019 1180 super
1062 1118 1134 1161 eo
1182 1099 1449 1162 Tiberius
1494 1110 1833 1179 aspernatus
1871 1112 1960 1162 est
1997 1105 2078 1162 in·

83 1185 290 1244 dicium
320 1186 575 1263 aluitque
603 1186 962 1245 dubitatione
997 1184 1234 1245 bellum.

194 1269 299 1329 42.
354 1267 842 1335 InterimlFlorus
899 1269 1170 1328 insistere
1211 1268 1544 1347 destinatiS,
1599 1268 1881 1347 pellicere
1932 1268 2079 1330 alam

83 1355 368 1430 equitum,
426 1370 574 1431 quae
621 1352 955 1430 conscripta
1013 1371 1048 1412 e
1090 1352 1365 1411 Treveris
1418 1351 1611 1412 militia
1660 1352 2079 1431 disciplinaque

80 1445 272 1495 nostra
301 1436 654 1513 habebatur,
709 1444 770 1495 nt
811 1438 1002 1495 caesis
1047 1434 1507 1513 negotiatoribus
1544 1436 1816 1495 Romanis
1864 1436 2078 1497 bellum

77 1520 389 1598 inciperet3
421 1522 710 1598 paucique
744 1521 996 1597 equitum
1025 1521 1313 1599 corrupti,
1355 1520 1553 1598 plures
1600 1521 1656 1579 in
1698 1520 1893 1579 officio
1924 1539 2075 1581 man-

79 1622 228 1663 sere.
301 1603 454 1664 alind
493 1604 706 1681 vulgus
752 1605 1156 1665 obaeratorum
1203 1614 1302 1664 aut
1343 1604 1631 1664 clientium
1688 1620 1844 1663 arma
1895 1606 2122 1682 capitu»

77 1689 356 1763 petebant
401 1706 474 1747 ue
525 1688 704 1747 saltus
750 1686 956 1767 quibus
1003 1706 1212 1748 nomen
1247 1684 1591 1765 Ardue'nna',
1637 1706 1764 1747 cum
1811 1688 2077 1765 legiones

77 1780 328 1851 utroque
359 1790 390 1831 a
463 1774 760 1848 exercitu,-
807 1791 949 1851 quas
978 1773 1260 1833 Visellius
1282 1780 1351 1831 1et
1382 1770 1447 1831 G.
1481 1772 1657 1831 Silius
1698 1772 1960 1832 adversis
1990 1774 2077 1832 iti·
2140 1796 2147 1802 ·

74 1856 312 1915 neribus
346 1856 719 1933 obiecerant,
765 1867 1090 1917 arcuerunt.
1163 1856 1635 1935 praemissusque
1681 1872 1805 1913 cum
1849 1857 2077 1916 delecta

69 1956 238 1999 manu
276 1938 452 2001 Iulius
487 1939 660 2000 Indus
699 1958 733 2000 e
762 1942 994 2002 civitate
1039 1941 1278 2016 eadem,
1322 1939 1548 2001 discors
1579 1936 1758 2016 Floro
1807 1948 1864 1996 et
1905 1940 1979 1999 ob
2020 1939 2077 1998 id

70 2024 370 2084 navandae
405 2043 625 2102 operae
650 2026 891 2102 avidior,
921 2025 1271 2086 inconditam
1299 2021 1713 2081 multitudinem
1744 2022 1928 2082 adhuc
1964 2023 2075 2082 dis·
2098 2048 2147 2088 m

71 2108 232 2166 iecit.
291 2107 502 2178 Florus
540 2110 780 2167 incertis
813 2103 1054 2168 latebris
1098 2110 1357 2166 victores
1401 2105 1738 2181 frustratuS,
1784 2115 2077 2183 postremo
2176 2105 2185 2119 “

65 2192 214 2250 visis
245 2189 518 2248 militibus
546 2192 644 2268 qui
676 2193 890 2267 effugia
919 2192 1275 2267 insederant,
1304 2207 1409 2250 sua
1435 2206 1604 2249 manu
1640 2190 1867 2251 cecidit.
1910 2191 2077 2270 isque

67 2272 380 2332 Treverici
409 2274 680 2332 tumultus
713 2275 858 2333 linis.

202 2355 310 2416 43.
371 2356 542 2433 Apud
588 2354 828 2416 Aeduos
869 2359 1054 2418 maior
1099 2358 1287 2420 moles
1326 2368 1563 2436 exorta,
1618 2323 1828 2438 quanto
1876 2359 2079 2419 civitas
2130 2363 2133 2368 '

70 2441 414 2520 opulentior
437 2449 496 2499 et
525 2441 939 2517 comprimendi
964 2444 1170 2520 procul
1196 2443 1563 2521 praesidium.
1604 2441 2078 2518 Augustodunum

74 2533 253 2603 caput
284 2525 475 2601 gentis
507 2524 737 2582 armatis
770 2526 1108 2586 cohortibus
1145 2527 1420 2587 Sacrovir
1453 2535 1844 2603 occupaverat
1874 2532 1932 2584 et
1975 2541 2075 2584 no-

70 2609 411 2668 bilissimam
456 2607 767 2667 Galliarum
817 2609 1113 2688 subolem,
1175 2609 1511 2671 liberalibus
1563 2609 1761 2669 studiis
1812 2609 1890 2668 ibi
1937 2625 2077 2686 ope-

69 2703 276 2768 ratam,
332 2701 494 2752 uteo
533 2693 779 2770 pignore
810 2704 1082 2772 parentes
1126 2697 1601 2774 propinquosque
1641 2711 1840 2752 eorum
1883 2692 2124 2752 adium-s

74 2786 274 2852 geret:
337 2776 502 2835 simul
571 2793 727 2835 arma
795 2778 1027 2838 occulte
1091 2779 1372 2838 fabricata
1442 2779 1720 2839 iuventuti
1790 2777 2075 2854 dispertit.

74 2861 456 2937 quadraginta
495 2859 651 2918 milia
679 2859 878 2936 fuere,
919 2863 1112 2939 quinta
1152 2865 1240 2922 sui
1283 2872 1449 2940 parte
1504 2861 1841 2938 legionariis
1884 2861 2076 2945 armis,

72 2945 260 3003 ceteri
317 2961 443 3003 cum
503 2943 810 3003 venabulis
865 2953 926 3004 et
977 2946 1176 3005 cultris
1237 2963 1504 3022 quaeque
1569 2945 1680 3005 alia
1736 2933 2077 3004 venantibus

68 3027 188 3086 tela
239 3036 387 3087 sunt.
453 3027 734 3087 adduntur
791 3046 826 3086 e
877 3030 1128 3099 servitiis
1181 3028 1537 3108 gladiaturae
1596 3029 1889 3104 destinati,
1956 3027 2077 3104 qui·

67 3110 178 3170 bus
228 3129 392 3171 more
447 3112 682 3188 gentico
745 3113 1072 3172 continuum
1122 3113 1264 3172 ferri
1316 3113 1597 3189 tegimen.
1651 3112 2075 3190 cruppellarios
2102 3133 2149 3173 ιο

65 3204 317 3270 vocant,
371 3195 688 3254 inferendis
718 3195 928 3255 ictibus
963 3195 1281 3270 inhabileS,
1353 3196 1705 3274 accipiendis
1756 3197 2078 3273 inpenetra-

65 3277 242 3337 biles.
319 3278 676 3354 augebantur
718 3296 827 3338 eae
885 3281 1090 3358 copiae
1141 3281 1451 3338 vicinarum
1498 3281 1785 3341 civitatum
1828 3289 1889 3338 ut
1941 3295 2079 3337 non-

68 3361 204 3420 dum
240 3372 444 3438 aperta
471 3363 891 3440 consensione,
923 3372 1000 3423 ita
1025 3365 1232 3423 viritim
1264 3365 1543 3440 promptis
1574 3361 1809 3438 studiis,
1855 3372 1914 3422 et
1954 3379 2077 3421 cer-

67 3447 291 3504 tamine
323 3445 528 3504 ducum
557 3445 978 3525 Romanorum,
1025 3466 1172 3526 quos
1213 3449 1365 3507 inter
1402 3447 1800 3524 ambigebatur
1834 3456 2077 3524 utroque

161 3547 346 3585 'mem
389 3551 528 3587 PARS
562 3550 599 3585 1.
1742 3535 1780 3591 7
