2475 4000
396 245 515 308 204
762 303 767 320 ,
888 254 1217 302 CORNELII
1252 253 1486 302 nel-rr
1507 253 1880 303 Anxanum

396 413 623 510 figiem
625 409 893 472 Caesaris
937 409 1277 488 procubuit,
1318 427 1524 486 magna
1565 409 1754 486 gloria
1795 411 2090 470 exercitus
2117 411 2408 502 Romani,

398 513 566 576 quem
605 489 961 555 incruentum
1008 503 1067 553 et
1098 495 1382 553 victorem
1413 493 1580 554 tridui
1623 495 1825 552 itinere
1867 494 2085 554 afuisse
2117 473 2192 554 ab
2229 515 2410 555 amne

380 579 572 640 Tanai
602 581 876 638 constitit.
938 579 1088 640 sed
1070 598 1128 638 ιιι
1157 595 1434 655 regressu
1465 577 1663 655 dispar
1693 577 1921 638 fortuna
1953 579 2094 653 fuit,
2134 581 2277 658 quia
2309 599 2407 639 na-

251 731 259 734 *
313 717 320 721 -
395 667 547 724 vium
592 663 862 742 quasdam
898 665 1151 744 (quippe
1189 665 1332 722 mari
1372 661 1738 741 remeabant)
1779 664 1835 720 in
1872 662 2043 722 litora
2073 621 2410 723 '’Taurorum

328 767 378 807 ιε
395 747 617 808 delatas
642 750 1073 807 circumvenere
1093 745 1350 824 barbari,
1381 747 1684 826 praefecto
1715 745 1970 806 cohortis
1999 755 2060 806 et
2089 747 2410 826 plerisque

396 832 752 894 auxiliarium
778 832 1117 892 interfectis.

519 915 616 976 18.
661 915 889 976 Interea
918 915 1272 976 Mithridates
1301 915 1460 974 nullo
1500 916 1558 973 in
1591 915 1760 974 armis
1793 914 2048 974 subsidio
2081 917 2404 992 consultat,

394 1002 556 1060 cuius
584 999 1035 1060 misericordiam
1066 1001 1444 1079 experiretur.
1493 998 1676 1059 frater
1694 996 1906 1074 Cotys,
1939 999 2214 1076 proditor
2233 1001 2402 1076 olim,

393 1083 601 1144 deinde
633 1083 854 1159 hostis,
896 1082 1284 1144 metuebatur·
1321 1083 1706 1143 Romanorum
1737 1099 1906 1142 nemo
1940 1083 1996 1142 id
2027 1087 2404 1144 auctoritatis

394 1168 613 1245 aderat,
644 1177 703 1227 ut
727 1171 1007 1246 promissa
1031 1171 1155 1228 eius
1182 1169 1372 1244 magui
1402 1165 1806 1245 penderentur.
1848 1165 1920 1226 ad
1939 1166 2228 1226 Eunonen
2255 1187 2402 1228 con·

344 1277 369 1315 5
398 1256 595 1329 vertit,
642 1254 897 1351 propriis
943 1252 1089 1313 odiis
1120 1269 1246 1313 non
1283 1251 1564 1310 infensum
1606 1259 1664 1310 et
1706 1268 1916 1309 recens
1951 1251 2256 1311 coniuncta
2287 1271 2404 1310 no-

393 1337 615 1395 biscum
644 1337 889 1401 amicitia
918 1336 1183 1396 validum.
1240 1335 1416 1412 igitur
1443 1335 1596 1395 cultu
1625 1334 1900 1412 vultuque
1936 1351 2098 1413 quam
2132 1339 2402 1395 maxime

393 1417 465 1478 ad
498 1427 865 1496 praesentem
903 1420 1189 1480 fortunam
1229 1427 1566 1500 comparato
1609 1420 1830 1494 regiam
1869 1418 2186 1494 ingreditur
2217 1421 2396 1496 geni-

392 1501 619 1578 busque
649 1503 773 1560 eius
816 1503 1157 1580 provolutus
1204 1493 1626 1562 ‘Mithridates'
1674 1503 1856 1580 inquit
1891 1506 2083 1562 ‘terra
2127 1505 2400 1582 marique

391 1585 667 1645 Romanis
697 1603 821 1662 per
832 1594 921 1646 tot
947 1603 1128 1646 annos
1156 1589 1452 1664 quaesitus
1480 1587 1688 1665 spo‘nte
1723 1586 1948 1646 adsum:
1979 1595 2168 1661 utere,
2205 1597 2268 1646 ut
2295 1605 2396 1647 vo-

324 1670 516 1746 mles,
561 1669 729 1747 prole
760 1672 951 1746 magni
986 1669 1402 1747 Achaemenis,
1457 1669 1610 1748 quod
1649 1670 1784 1730 mihi
1819 1671 2004 1730 solum
2032 1669 2245 1730 hostes
2279 1689 2398 1731 non

780 1755 803 1785 2

392 1753 1029 1898 abstpl'enffitfflnones
1056 1836 1390 1897 claritudine
1413 1839 1539 1916 viri,
1572 1796 1881 1899 mutatione
1910 1856 2099 1898 rerum
2123 1847 2188 1897 et
2211 1858 2396 1918 prece

392 1919 542 1982 haud
572 1921 851 1999 deg'eueri
881 1929 1206 2001 permotus,
1251 1921 1479 1983 adlevat
1521 1916 1842 2003 supplicem
1887 1921 2202 2002 laudatque
2237 1923 2398 2003 quod

392 2016 647 2084 gentem
631 2007 1005 2083 Aorsorum,
1055 2008 1211 2085 quod
1243 2023 1402 2067 suam
1435 2007 1692 2067 dextram
1723 2007 2012 2086 petendae
2043 2009 2260 2067 veniae
2297 2007 2396 2067 de-

393 2092 659 2167 legerit.
684 2091 847 2150 simul
877 2091 1107 2168 legatos
1138 2090 1452 2170 literaeque
1475 2090 1548 2150 ad
1571 2089 1920 2151 Gaesarem
1900 2110 1958 2149 ιιι
1981 2091 2132 2151 huuc
2161 2092 2398 2152 modum

347 2192 371 2230 5
392 2174 588 2233 mittit:
650 2175 849 2253 populi
888 2176 1132 2235 Romani
1182 2175 1671 2254 imperatoribus,
1707 2193 2039 2252 magnarum
2095 2177 2396 2237 nationum

392 2256 629 2333 regibus
673 2259 909 2336 primam
948 2274 1023 2318 ex
1066 2259 1430 2319 similitudine
1473 2260 1740 2319 fortunae
1791 2260 2125 2336 amicitiam,
2177 2260 2294 2319 sibi
2339 2268 2396 2318 et

310 2368 316 2376 ·
394 2338 632 2401 Claudio
674 2343 844 2402 etiam
874 2346 1330 2403 communionem
1365 2345 1645 2403 victoriae
1675 2361 1830 2403 esse.
1902 2340 2190 2403 bellorum
2217 2362 2392 2419 egre-

390 2425 525 2501 gios
556 2425 731 2501 fines,
767 2426 1035 2503 quotiens
1062 2428 1420 2503 ignoscendo
1451 2428 1830 2503 transigatur:
1863 2428 1950 2487 sic
1975 2426 2195 2486 Zorsini
2223 2428 2390 2500 victo

392 2508 529 2567 nihil
568 2518 846 2587 ereptum.
920 2523 1029 2587 pro
1078 2510 1403 2571 Mithridate
1423 2556 1440 2588 ,
1491 2509 1722 2589 quaudo
1769 2512 2005 2587 gravius
2043 2518 2388 2585 mereretur,

325 2611 375 2651 10
394 2609 507 2652 non
551 2595 863 2671 potentiam
892 2610 1083 2670 neque
1123 2607 1366 2669 regnum
1393 2596 1657 2674 precari,
1695 2594 1801 2653 sed
1841 2612 1918 2653 ue
1945 2593 2394 2673 triumpharetur

394 2694 543 2736 neve
575 2694 795 2755 poenas
830 2678 1020 2756 capite
1058 2676 1434 2755 expenderet.

514 2759 615 2821 20.
659 2761 736 2819 At
766 2760 1065 2836 Claudius,
1107 2777 1447 2839 quamquam
1477 2759 1868 2821 nobilitatibus
1911 2763 2165 2822 externis
2208 2762 2392 2837 mitis,

390 2841 666 2905 dubitavit
696 2852 907 2920 tamen,
946 2844 1218 2922 accipere
1249 2848 1534 2925 captivum
1564 2853 1738 2923 pacto
1773 2844 1974 2905 salutis
2003 2863 2074 2906 an
2110 2854 2394 2925 repetere

375 2928 559 2987 -armis
595 2928 811 2986 rectius
841 2926 1015 2989 foret.
1077 2926 1210 2987 hinc
1240 2929 1408 2989 dolor
1439 2930 1769 2989 iniuriarum
1799 2938 1858 2989 et
1886 2928 2068 2991 libido
2096 2929 2398 2989 vindictae
2462 2920 2463 2933 ¹

389 3009 688 3088 adigebat·
722 3010 826 3070 sed
852 3009 1254 3074 disserebatur
1282 3020 1485 3073 contra
1511 3014 1730 3091 suscipi
1751 3011 1967 3072 bellum
1992 3015 2128 3073 avio
2157 3014 2392 3087 itinere,

342 3112 367 3151 5
388 3096 729 3172 inportuoso
757 3096 928 3161 mari3
976 3094 1048 3155 ad
1081 3094 1197 3156 hoc
1224 3114 1434 3173 reges
1432 3097 1700 3174 feroces,
1744 3114 1930 3173 vagos
1962 3097 2252 3176 populos,
2297 3114 2394 3155 so·

388 3178 503 3237 lum
531 3176 759 3254 frugum
793 3193 1066 3255 egenum,
1098 3180 1348 3240 taedium
1369 3198 1447 3240 ex
1469 3198 1656 3257 mora,
1685 3181 1948 3259 pericula
1969 3198 2046 3239 ex
2068 3198 2395 3259 properan-

386 3263 496 3338 tia,
525 3258 808 3322 modicam
838 3262 1155 3323 victoribus
1198 3264 1424 3325 laudem
1461 3282 1532 3323 ac
1557 3263 1794 3324 multum
1826 3264 2123 3341 infamiae,
2171 3265 2226 3323 si
2269 3263 2396 3343 pel-

387 3344 662 3405 lerentur.
726 3347 863 3424 quin
886 3349 1169 3427 arriperet
1194 3348 1388 3409 oblata
1417 3357 1479 3407 et
1507 3356 1772 3407 servaret
1805 3347 2070 3426 exulem,
2099 3349 2194 3407 cui
2225 3348 2395 3427 inopi

388 3435 599 3505 quanto
636 3428 959 3506 longiorem
998 3433 1199 3509 vitam,
1245 3440 1400 3491 tanto
1433 3430 1566 3510 plus
1599 3430 1870 3510 supplicii
1898 3431 2050 3492 fore.
2128 3431 2220 3491 his
2255 3448 2393 3511 per·

316 3532 367 3572 ιο
389 3519 573 3569 motus
614 3516 849 3593 scripsit
883 3514 1146 3591 Eunoni,
1188 3516 1449 3573 meritum
1497 3513 1724 3592 quidem
1765 3516 2076 3577 novissima
2111 3515 2394 3594 exempla
