2475 4000
497 205 504 215 Χ
563 264 578 268 ..
619 194 828 251 LIBER
869 198 965 243 1v.
1013 196 1162 245 CAP.
1203 196 1441 253 18—22.
1824 188 1829 192 ’
1930 190 2049 253 123

43 348 415 428 comperior:
459 366 588 409 nam
619 349 902 429 pleraque
933 350 1006 411 ab
1053 352 1245 413 saevis
1276 340 1693 415 adulationibus
1720 355 1963 417 aliorum
1992 357 2052 417 in
2071 369 2123 411 1⁰

0 463 9 472 ν
39 432 254 492 melius
277 430 458 491 flexit.
491 450 684 511 neque
711 442 901 494 tamen
929 438 1369 514 temperamenti
1409 435 1653 516 egebat,
1683 456 1809 499 cum
1841 457 2051 517 aequa-

38 516 144 576 bili
181 516 520 577 auctoritate
552 526 610 576 et
643 519 830 595 gratia
861 518 1014 597 apud
1049 518 1339 599 Tiberium
1372 522 1640 595 viguerit.
1702 521 1853 582 unde
1892 522 2051 583 dubi-

38 611 168 661 tare
203 616 410 677 cogor,
443 601 563 661 fato
595 610 653 662 et
683 610 844 661 sorte
878 602 1189 679 nascendi,
1234 596 1295 661 nit
1338 611 1566 680 cetera,
1614 605 1693 665 ita
1732 607 2083 685 principum·

37 683 340 745 inclinatio
385 686 441 744 in
483 679 627 761 hos,
681 684 926 746 offensio
969 688 1026 745 in
1065 686 1234 763 illos,
1281 704 1352 748 an
1394 688 1467 746 sit
1509 687 1722 767 aliquid
1751 691 1809 747 in
1839 694 2053 749 nostris

40 766 308 828 consiliis
352 768 642 845 liceatque
683 769 835 828 inter
875 769 1176 851 abruptam
1221 773 1639 835 contumaciam
1686 781 1745 831 et
1790 772 2049 833 deforme
2073 784 2121 824 15
2181 770 2187 774 ’

39 852 388 930 obsequium
439 868 692 929 pergere
736 854 845 915 iter
887 852 1196 914 ambitione
1240 871 1310 913 ac
1353 855 1629 933 periculis
1673 862 1935 915 vacuum.
2000 865 2055 916 at

33 935 390 997 Messalinus
423 934 594 995 Cotta
623 934 774 996 haud
801 937 984 996 minus
1017 937 1188 997 claris
1216 938 1561 1016 maioribus,
1607 939 1713 1001 sed
1750 941 1937 999 animo
1974 938 2055 997 di-

37 1038 277 1097 versus,
311 1021 535 1079 censuit
566 1018 883 1081 cavendum
917 1029 1150 1081 senatus
1184 1022 1482 1099 consulte,
1518 1032 1576 1083 ut
1607 1042 1944 1101 quamquam
1973 1023 2055 1080 in-

33 1114 247 1164 sontes
300 1103 668 1181 magistratus
732 1112 790 1162 et
843 1104 1050 1183 culpae
1104 1105 1328 1167 alienae
1374 1107 1556 1167 nescii
1598 1104 2055 1185 provincialibus

28 1205 290 1249 uxorum
324 1186 666 1267 criminibus¹
690 1186 932 1265 perinde
965 1206 1136 1265 quam
1164 1188 1283 1246 suis
1316 1189 1733 1267 plecterentur.
1782 1246 1789 1253 .
2071 1194 2124 1234 2⁰

171 1272 277 1332 21.
321 1270 530 1332 Actum
563 1269 770 1331 dehinc
803 1270 876 1328 de
909 1269 1221 1345 Calpurnio
1252 1270 1497 1343 Pisone,
1544 1272 1726 1327 nobili
1758 1291 1829 1326 ac
1865 1271 2055 1327 feroci

25 1360 194 1417 viro.
255 1355 305 1411 is
347 1372 623 1430 namque,
661 1363 723 1411 ut
755 1352 981 1427 rettuli,
1027 1367 1323 1410 cessurum
1366 1368 1431 1409 se
1472 1349 1614 1409 urbe
1659 1349 1736 1409 ob
1767 1350 2053 1412 factiones

24 1445 449 1501 accusatorum
491 1437 547 1494 in
591 1444 792 1493 senatu
839 1435 1232 1493 clamitaverat
1277 1440 1335 1489 et
1390 1442 1583 1511 spreta
1640 1434 1894 1511 potentia
1937 1432 2051 1491 Au·

21 1532 252 1597 gastae
293 1516 522 1575 trahere
566 1517 623 1573 in
665 1518 761 1574 ius.
781 1516 1154 1597 Urgulaniam
1194 1514 1483 1593 domoque
1530 1516 1806 1595 principis
1854 1517 2053 1575 excire

20 1618 221 1663 ausus
251 1606 394 1657 erat.
457 1616 606 1676 quae
647 1598 705 1657 in
747 1616 1028 1675 praesens
1072 1596 1334 1657 Tiberius
1386 1598 1632 1673 civiliter
1676 1599 1899 1666 habuit:
1946 1596 2091 1659 sed-⁵
2146 1628 2165 1634 -
2256 1622 2259 1625 ⁴

16 1690 80 1747 in
115 1684 319 1745 animo
353 1682 698 1741 revolvente
724 1684 864 1757 iraS,
895 1682 1063 1741 etiam
1092 1682 1140 1740 si
1175 1682 1422 1759 impetus
1450 1682 1789 1743 offensionis
1814 1678 2051 1759 langue-

13 1780 137 1848 rat,
179 1768 455 1825 memoria
488 1765 745 1825 valebat.
823 1764 1095 1825 Pisonem
1125 1765 1478 1845 Q.-Granius
1514 1767 1730 1825 secreti
1770 1767 2052 1827 sermonis

13 1852 330 1915 incusavit
373 1850 676 1909 adversum
721 1850 1079 1919 maiestatem
1127 1847 1339 1924 habiti,
1397 1848 1719 1925 adiecitque
1768 1850 1825 1907 in
1879 1850 2051 1909 domo

11 1942 163 2001 eius
200 1952 483 1994 venenum
516 1952 650 1993 esse
681 1950 924 2011 eumque
963 1932 1158 2010 gladio
1189 1932 1509 1991 accinctum
1540 1932 1780 1991 introire
1823 1932 2052 1991 curiam.

13 2019 206 2105 quod
239 2028 299 2078 ut
328 2014 580 2078 atrocius
614 2035 757 2077 vero
794 2019 1146 2078 tramissum:
1179 2025 1537 2092 ceterorum,
1574 2033 1720 2092 quae
1750 2014 1925 2074 multa
1962 2033 2053 2074 cu-
2075 2025 2123 2065 ¹0

9 2101 438 2177 mulabantur,
482 2109 756 2178 receptus
792 2109 882 2160 est
924 2118 1094 2175 reuS,
1144 2117 1336 2177 neque
1381 2108 1653 2178 peractus
1695 2099 1770 2160 ob
1811 2107 2055 2159 mortem
2119 2099 2151 2182 J

10 2195 412 2272 oportunam.
474 2183 715 2243 relatum
747 2192 804 2242 et
834 2184 906 2243 de
940 2181 1144 2243 Cassio
1176 2183 1401 2243 Severo
1430 2183 1623 2260 exule,
1660 2186 1753 2263 qui
1784 2182 2055 2244 sordidae

13 2266 662 2349 originis„maleficae
692 2269 867 2342 vitae,
908 2266 1013 2326 sed
1050 2264 1249 2328 orandi
1281 2265 1533 2345 validus,
1579 2285 1686 2346 per
1720 2267 2053 2328 immodicas

4 2352 372 2421 inimicitias
405 2357 463 2421 ut
495 2347 703 2408 iudicio
753 2350 918 2410 iurati
963 2359 1196 2410 senatus
1237 2348 1466 2411 Cretam
1506 2361 1874 2412 amoveretur
1914 2351 2053 2411 effe-

10 2446 236 2506 cerat;
289 2444 463 2513 atque
509 2433 630 2493 illic
675 2433 876 2494 eadem
923 2433 1211 2506 actitando
1253 2435 1510 2528 recentia
1554 2443 1873 2512 veteraque
1922 2435 2053 2494 odia
2075 2441 2124 2480 1⁵

4 2519 316 2596 advertit,
350 2517 632 2598 bonisque
667 2527 900 2596 exutus,
947 2518 1253 2581 interdicto
1299 2519 1635 2600 ignipatque
1678 2537 1861 2597 aqua,
1910 2534 2053 2578 saxo
2121 2569 2138 2578 ,

7 2605 301 2684 Seripho
336 2605 658 2663 consenuit.

171 2688 280 2749 22.
327 2685 440 2748 Per
469 2686 617 2747 idem
666 2693 892 2762 tempus
934 2685 1186 2748 Plautius
1227 2686 1494 2748 Silvanus
1540 2693 1778 2766 praetor
1816 2685 2061 2746 incertis·

7 2773 239 2840 causis
274 2771 592 2851 Aproniam
625 2769 930 2846 coniugem
963 2771 1019 2829 in
1050 2787 1340 2850 praeceps
1384 2771 1559 2846 iecit,
1607 2778 1938 2847 tractusque
1984 2767 2055 2828 ad

7 2862 364 2926 Caesarem
407 2855 478 2916 ab
518 2853 581 2918 L.
624 2854 890 2933 Apronio
939 2870 1152 2913 socero
1193 2853 1418 2915 turbata
1480 2863 1673 2914 mente
1727 2852 2053 2931 respondit,

0 2958 332 3020 tamquam
359 2940 487 3018 ipse
519 2955 724 3000 somno
755 2939 955 3014 gravis
986 2946 1155 3015 atque
1186 2954 1261 2997 eo
1299 2938 1553 3016 ignarus,
1586 2945 1643 2997 et
1670 2955 1821 2997 uxor
1844 2945 2053 3016 sponte

0 3033 292 3092 mortem
339 3025 697 3100 sumpsisset.
766 3039 884 3081 non
933 3019 1577 3080 cunctanterTiberius
1619 3021 1814 3100 pergit
1856 3023 1913 3081 in
1956 3019 2053 3080 do·
2078 3037 2104 3075 ⁵

0 3127 218 3184 mum,
253 3108 386 3167 visit
418 3106 776 3183 cubiculum,
807 3106 862 3165 in
899 3123 1012 3184 quo
1043 3104 1381 3165 reluctantis
1412 3113 1469 3163 et
1497 3105 1777 3184 impulsae
1808 3105 2057 3180 vestigia

0 3191 452 3261 cernebantur.
511 3192 695 3251 refert
735 3189 806 3250 ad
851 3197 1143 3265 senatum,
1190 3187 1452 3266 datisque
1494 3186 1776 3249 iudicibus
1807 3187 2053 3264 Urgula-

0 3286 122 3347 nia
164 3276 390 3338 Silvani
421 3275 548 3335 avia
584 3276 898 3356 pugionem
935 3275 1136 3353 nepoti
1166 3271 1335 3332 misit.
1399 3271 1551 3351 quod
1596 3270 1835 3350 perinde
1870 3271 2053 3332 credi-

0 3380 156 3430 tum
199 3360 369 3460 quasi
417 3359 696 3437 principis
739 3360 956 3418 monitu
999 3357 1074 3417 ob
1123 3357 1422 3418 amicitiam
1451 3358 1748 3434 Augustae
1782 3374 1907 3416 cum
1940 3357 2051 3416 Ur·

0 3447 300 3534 gulama.
368 3460 504 3504 reus
544 3441 760 3502 frustra
803 3450 1080 3520 temptato
1128 3441 1290 3502 ferro
1329 3459 1509 3502 venas
1554 3437 1819 3522 praebuit
1864 3439 2053 3500 exsol-
2076 3463 2125 3504 10
2206 3445 2219 3460 ‘
