2475 4000
737 224 947 272 mmm
969 222 1118 273 xm.
1159 227 1309 278 CAP.
1340 226 1375 278 2
1393 251 1465 261 —-
1481 203 1553 282 6.’
1600 243 1605 246 ·
2004 208 2141 284 227

113 381 260 456 vit,'
286 393 476 456 neque
509 377 795 441 iuventam
825 381 998 438 armis
1029 379 1293 440 civilibus
1334 381 1428 442 aut
1458 383 1787 447 domesticis
1822 379 2129 448 discordiis

113 463 412 531 inbutam3
464 459 619 522 nulla
671 461 830 540 odia,
875 461 1061 523 nullas
1101 464 1336 524 iniurias
1384 481 1495 526 nec
1542 469 1860 548 cupidinem
1897 465 2173 534 ultioniss
2214 489 2224 492 ·
2328 465 2331 468 ’

113 548 380 609 adferre.
431 555 548 605 tum
577 545 820 606 formam
848 546 1022 606 futuri
1047 550 1403 627 principatus
1427 555 1823 632 praescripsit,
1853 563 1923 614 ea
1951 559 2127 616 maxi-

112 651 210 692 me
252 627 584 706 declinans,
624 645 864 708 quorum
893 643 1102 690 recens
1131 631 1415 710 flagrabat
1446 635 1677 697 invidia.
1736 654 1851 696 non
1881 641 2030 698 enim
2062 637 2148 700 se'

112 713 494 794 negotiorum
527 711 774 773 omnium
802 713 1048 774 iudicem
1087 712 1252 792 fore,
1302 722 1384 776 ut·
1411 717 1621 778 clausis
1654 727 1820 779 una'm
1849 723 1996 781 intra
2025 723 2126 783 do-

111 819 272 860 mum
319 795 759 862 accusatoribus
807 808 866 858 et
909 799 1027 858 reis
1073 811 1387 880 paucorum
1431 801 1691 882 potentia
1731 812 2125 882 grassaretur-3

112 882 260 945 nihil
294 881 353 942 in
389 879 696 961 penatibus
727 884 845 941 suis
873 880 1080 942 venale
1122 893 1217 944 aut
1249 880 1543 945 ambitioni
1574 888 1867 965 perviumg
1912 887 2125 948 discrea
2149 910 2197 950 ιο

111 980 231 1029 tam
260 966 492 1026 domum
523 971 581 1024 et
609 983 732 1026 rem
761 964 1069 1044 publicam.
1141 972 1371 1028 teneret
1400 968 1631 1048 antiqua
1653 971 1841 1030 munia
1874 977 2125 1048 senatus,
2185 999 2191 1003 ·

114 1050 425 1114 consulum
465 1048 842 1110 tribunalibus
885 1045 1047 1110 Italia
1095 1061 1154 1110 et
1193 1049 1467 1130 publicae
1507 1055 1845 1132 provinciae
1884 1052 2125 1115 adsiste-

110 1145 282 1197 rent:
331 1132 416 1194 illi
446 1143 669 1213 patrum
697 1133 908 1194 aditum
941 1133 1326 1212 praeberent,
1372 1155 1437 1196 se
1466 1133 1745 1198 mandatis
1776 1129 2127 1198 exercitibus

63 1219 72 1238 ’
115 1219 538 1282 consulturum.
679 1219 682 1222 ’
1982 1233 1989 1242 ·

244 1302 307 1363 5.
354 1298 482 1362 Nec
511 1299 692 1360 defuit
721 1299 895 1375 fides,
935 1298 1226 1380 multaque
1268 1297 1503 1363 arbitrio
1548 1311 1779 1364 senatus
1821 1305 2127 1365 constituta

115 1398 280 1448 sunt:
329 1405 404 1447 ne
442 1387 568 1464 quis
607 1386 677 1444 ad
711 1402 943 1445 causam
973 1385 1246 1446 orandam
1278 1387 1551 1448 mercede
1582 1397 1677 1448 aut
1706 1387 1873 1449 donis
1906 1393 2127 1448 emere-

113 1483 239 1550 tur,
297 1489 372 1530 ne
407 1469 723 1545 designatis
770 1468 1175 1546 quaestoribus
1219 1469 1427 1530 edendi
1466 1471 1824 1548 gladiatores
1866 1473 2126 1533 necessi·
2161 1471 2177 1498 ‘

111 1567 200 1617 tas
237 1563 420 1617 esset.
479 1551 635 1631 quod
668 1547 894 1630 quidem
923 1552 1266 1614 adversante
1291 1553 1651 1635 Agrippina,
1683 1565 1969 1635 tamquam
2000 1559 2126 1616 aeta

115 1640 350 1702 Claudii
379 1635 882 1713 subverterentur,
923 1635 1226 1698 obtinuere
1258 1647 1489 1718 patreS,
1524 1641 1619 1718 qui
1650 1642 1708 1699 in
1736 1637 2013 1700 Palatium
2046 1637 2119 1699 oh
2148 1663 2175 1702 ⁵

112 1725 170 1784 id
193 1723 579 1798 vocabantur,
604 1729 663 1779 ut
686 1717 940 1781 adstaret
967 1719 1172 1781 additis
1196 1740 1227 1781 a
1252 1725 1423 1802 tergo
1446 1720 1669 1783 foribus
1694 1721 1829 1784 velo
1855 1723 2125 1800 discreta,

117 1807 280 1888 quod
312 1809 492 1868 visum
541 1813 800 1882 arceret,
849 1799 1073 1866 auditus
1119 1822 1235 1865 non
1276 1804 1571 1866 adimeret.
1638 1809 1771 1885 quin
1816 1817 1873 1868 et
1913 1809 2125 1886 legatis

112 1893 525 1953 Armeniorum
566 1902 798 1950 causam
844 1891 1036 1967 gentis
1066 1889 1216 1969 apud
1250 1886 1545 1949 Neronem
1589 1889 1885 1950 orantibus
1922 1906 2123 1951 escen-

113 1979 260 2038 dere
295 1983 633 2054 suggestum
663 1975 1028 2057 imperatoris
1059 1983 1117 2033 et
1149 1972 1485 2052 praesidere
1515 1972 1681 2032 simul
1709 1973 1986 2051 parabat,
2016 1976 2124 2033 nisi

113 2063 338 2122 ceteris
384 2076 605 2139 pavore
655 2060 874 2118 defixis·
905 2057 1131 2117 Seneca
1187 2055 1613 2131 admonuisset,
1668 2058 1920 2116 venienti
1958 2059 2197 2119 matrim

111 2153 479 2205 occurreret.
543 2145 620 2202 ita
653 2130 854 2220 speci'e
862 2142 1114 2283 1pietatis
1146 2140 1375 2200 obviam
1406 2142 1545 2199 itum
1576 2137 1873 2201 dedecori.

245 2226 307 2285 6.
347 2226 489 2285 Fine
533 2228 662 2286 anni
710 2225 858 2285 turbi
900 2226 948 2283 is
996 2224 1318 2285 rumoribus
1354 2225 1697 2303 prorupisse
1735 2241 1959 2285 rursum
1989 2222 2125 2285 Par·

111 2313 252 2373 thos
298 2318 356 2369 et
395 2308 521 2387 rapi
559 2308 890 2369 Armeniam
931 2306 1175 2367 adlatum
1217 2316 1343 2384 est,
1403 2306 1572 2386 pulso
1617 2308 1980 2387 RadamistO,
2032 2312 2127 2387 qui

112 2410 304 2472 saepe
339 2393 507 2469 regni
538 2393 662 2451 eius
694 2394 939 2471 potitus,
985 2392 1117 2451 dein
1147 2390 1461 2471 profugus,
1486 2402 1618 2453 -tum
1650 2409 1883 2471 quoque
1912 2392 2128 2453 bellum

113 2482 480 2547 deseruerat.
545 2478 720 2553 igitur
753 2468 810 2534 in
836 2476 977 2535 urbe
1011 2492 1333 2536 sermonum
1356 2472 1556 2555 avida,
1601 2488 1771 2555 quem
1799 2475 1871 2535 ad
1900 2476 2129 2535 modum

115 2562 400 2644 princeps
430 2562 528 2621 vix
557 2560 972 2639 septemdecim
1001 2576 1183 2620 annos
1213 2552 1491 2638 egressus
1522 2562 1823 2643 suscipere
1852 2578 1978 2620 eam
2007 2575 2124 2618 mo·
2150 2582 2175 2621 5

116 2650 234 2709 lem
281 2651 374 2708 aut
408 2643 754 2725 propulsare
803 2652 1037 2723 posset,
1084 2644 1240 2723 quod
1285 2643 1599 2705 subsidium
1642 2646 1700 2704 in
1741 2660 1811 2703 eo
1858 2643 1953 2723 qui
1982 2659 2014 2703 a
2044 2641 2127 2703 fe-

119 2734 272 2793 mina
301 2739 625 2808 regeretur,
657 2740 788 2787 num
813 2725 1036 2807 proelia
1064 2744 1295 2808 quoque
1325 2737 1383 2789 et
1414 2726 1892 2807 obpugnationes
1907 2726 2129 2791 urbium

121 2826 179 2875 et
228 2824 429 2876 cetera
473 2811 616 2887 belli
664 2827 774 2891 per
819 2814 1129 2889 magistros
1179 2812 1561 2873 administrari
1605 2817 1876 2893 possent,
1928 2814 2127 2890 anqui-

121 2900 344 2961 rebant.
408 2908 606 2959 contra
640 2896 734 2957 alii
761 2897 968 2957 melius
998 2898 1267 2957 evenisse
1298 2892 1617 2975 disserunt,
1652 2910 1819 2979 quam
1852 2898 1899 2958 si
1926 2896 2126 2955 invali-

122 2984 226 3044 dus
257 2992 497 3044 senecta
530 2991 588 3041 et
615 2984 847 3058 ignavia
869 2979 1137 3040 Claudius
1165 2977 1399 3041 mllitiae
1432 2980 1503 3042 ad
1532 2981 1767 3043 labores
1796 2988 2125 3056 vocaretur,
2148 3003 2199 3050 -ιο

123 3065 432 3129 servilibus
461 3068 632 3127 iussis
675 3064 1196 3144 obtemperaturus,
1270 3058 1510 3125 Burrum
1538 3071 1727 3125 tamen
1758 3069 1817 3123 et
1848 3064 2129 3123 Senecam

123 3152 423 3213 multarum
465 3166 657 3210 rerum
700 3144 1063 3229 experientia
1108 3150 1412 3226 cognito&
1474 3158 1532 3208 et
1572 3149 1907 3228 imperatori
1955 3164 2169 3226 quan·-

123 3244 237 3296 tum
269 3236 340 3297 ad
369 3234 549 3296 robur
581 3230 826 3313 deesse,
875 3248 1002 3293 cum
1046 3237 1258 3293 octavo
1303 3231 1545 3301 decumo
1588 3229 1795 3293 aetatis
1840 3246 1990 3291 anno
2024 3227 2128 3291 Cn.

126 3319 466 3401 Pompeius,
498 3334 653 3380 nono
685 3313 926 3380 decumo
951 3315 1170 3377 Caesar
1195 3314 1543 3378 Octavianus
1568 3310 1758 3377 civilia
1778 3310 1935 3388 bella
1961 3316 2127 3375 susti-

129 3400 390 3465 nuerint?
453 3405 732 3485 pleraque
779 3404 839 3463 in
889 3408 1103 3463 summa
1153 3402 1384 3462 fortuna
1436 3397 1710 3482 auspiciis
1768 3408 1827 3460 et
1872 3400 2126 3459 consiliis
2152 3420 2198 3458 ιε

45 3528 53 3533 -
131 3506 296 3566 quam
347 3487 483 3548 telis
537 3498 596 3549 et
635 3486 894 3550 manibus
938 3486 1086 3564 geri.
1186 3481 1443 3546 daturum
1484 3487 1688 3629 plane1
1701 3484 2125 3629 gssfflmemum'
