2475 4000
226 209 265 266 *.
356 173 486 242 174ss
859 179 1191 228 commu
1224 171 1460 227 norm
1488 177 1858 233 ΑΝΝΑἹᾸΠΜ

282 351 331 392 15
351 340 547 400 literas
578 336 837 398 Phraatis
870 343 929 394 et
954 334 1247 411 Hieronis,
1285 336 1380 412 qui
1414 333 1790 394 validissimas
1821 335 2228 414 praefecturas
2251 354 2362 415 op-

348 422 639 498 tinebant,
671 420 923 498 accipit,
973 419 1211 479 brevem
1255 436 1488 478 moram
1519 419 1890 496 precantium.
1965 420 2366 500 placitumque

351 507 607 588 opperiri
639 505 795 564 viros
832 503 1284 582 praepollentiS,
1334 513 1504 580 atque
1548 504 1773 562 interim
1811 502 2134 582 Ctesiphon
2181 505 2365 564 sedes

350 592 573 671 imperii
602 589 814 667 petita:
842 587 947 647 sed
982 585 1079 646 ubi
1115 585 1264 646 diem
1297 605 1374 646 ex
1403 582 1496 645 die
1529 587 1912 665 prolatabant‚
1946 588 2137 648 multis
2163 607 2367 649 coram

352 685 410 735 et
440 671 895 773 adprobantibus
930 665 1151 730 Surena
1182 671 1371 748 patrio
1405 688 1569 731 more
1602 671 1894 732 Tiridaten
1935 674 2146 749 insigni
2185 676 2366 750 regio

250 770 330 822 ,20
350 761 587 820 evinxit.
1505 791 1511 795 ³

280 837 345 892 43
466 844 567 904 49.
615 842 707 901 Ac
743 843 792 900 si
824 841 1011 900 statim
1039 840 1318 899 interiora
1349 847 1696 917 ceterasque
1725 841 1990 900 nationes
2033 843 2366 921 petivisset,

350 945 637 1007 oppressa
668 925 1053 985 cunctantium
1084 923 1362 994 dubitatio
1399 933 1456 982 et
1486 941 1686 984 omnes
1727 926 1784 984 in
1828 943 1998 984 unum
2037 923 2363 986 cedebant:

349 1010 661 1082 adsidendo
695 1008 1016 1086 castellum,
1054 1009 1110 1067 in
1146 1007 1300 1092 quod
1338 1011 1636 1086 pecuniam
1662 1016 1720 1068 et
1749 987 2008 1088 paelices
2032 1009 2366 1071 Artabanus

352 1096 709 1170 contulerat,
754 1093 911 1154 dedit
958 1095 1201 1171 spatium
1249 1092 1496 1152 exuendi
1513 1101 1732 1171 pacta.
1809 1110 1936 1152 nam
1975 1093 2258 1155 Phraates
2307 1103 2367 1153 et

212 1187 224 1198 '
300 1197 325 1235 5
350 1182 529 1242 Hiero
580 1188 636 1238 et
682 1180 731 1238 si
774 1179 871 1258 qui
911 1178 1007 1238 alii
1036 1177 1326 1239 delectum
1370 1175 1654 1255 capiendo
1699 1175 2000 1238 diademati
2030 1167 2182 1238 die-m
2221 1179 2366 1240 haut

352 1262 933 1340 concelebraverant,
967 1280 1103 1340 pars
1130 1271 1310 1337 metu,
1345 1261 1574 1340 quidam
1607 1260 1869 1320 invidia
1853 1279 1908 1320 ιιι
1939 1261 2363 1340 Abdagaesen,

350 1351 445 1448 qui
472 1357 589 1407 tum
620 1346 748 1406 aula
784 1355 843 1405 et
870 1364 1027 1406 novo
1058 1364 1204 1423 rege
1230 1343 1582 1425 potiebatur,
1609 1345 1680 1406 ad
1708 1345 2062 1406 Artabanum
2094 1356 2362 1416 vertere3

348 1434 515 1510 isque
547 1433 605 1488 in
643 1429 927 1503 Hyrcanis
970 1439 1239 1507 repertus
1288 1439 1407 1506 est,
1460 1429 1674 1493 inluvie
1718 1429 1940 1490 obsitus
1986 1439 2046 1490 et
2089 1421 2364 1492 alimenta

352 1531 488 1575 arcu
522 1513 864 1592 expediens.
920 1531 991 1573 ac
1025 1514 1211 1590 primo
1237 1522 1523 1592 tamquam
1552 1514 1720 1574 dolus
1752 1524 2052 1593 pararetur
2098 1517 2360 1590 territus,

282 1615 331 1656 ιο
332 1594 449 1660 ubi
478 1598 608 1658 data
640 1596 785 1665 fides
815 1596 1147 1657 reddendae
1179 1597 1550 1678 dominationi
1581 1600 1849 1676 venisse,
1889 1599 2191 1674 adlevatur
2243 1601 2361 1659 ani-

348 1702 498 1743 mum
544 1691 601 1743 et
650 1699 799 1759 quae
838 1682 1141 1760 repentina
1175 1683 1413 1742 mutatio
1459 1684 1733 1762 exquirit.
1807 1693 1923 1743 tum
1953 1683 2133 1744 Hie-ro
2168 1686 2361 1762 pueri-

348 1769 483 1828 tiam
514 1766 783 1827 Tiridatis
812 1767 1097 1844 increpat,
1131 1784 1325 1844 neque
1355 1785 1537 1845 penes
1554 1767 1921 1828 Arsaciden
1903 1771 2230 1868 nnperium,
2257 1767 2363 1826 sed

349 1854 515 1913 inane
546 1868 755 1910 nomen
788 1851 941 1930 apud
982 1849 1258 1924 inbellem
1303 1860 1543 1912 externa
1583 1851 1859 1986 mollitia,
1905 1853 2016 1912 vim
2062 1853 2121 1912 in
2165 1851 2362 1912 Abda·

348 1939 543 2016 gaesis
573 1935 765 1996 domo.

278 2028 347 2083 44
404 2069 408 2078 ,
474 2024 577 2083 50.
626 2020 821 2080 Sensit
848 2030 1016 2081 vetus
1046 2017 1329 2097 regnandi
1376 2021 1608 2081 falsos
1590 2040 1648 2082 ιιι
1683 2036 1880 2082 amore
1925 1972 2056 2082 odia
2095 2040 2216 2081 non
2259 2022 2358 2081 fin·

348 2124 513 2183 gere.
580 2122 691 2163 nec
720 2104 869 2165 ultra
898 2114 1177 2183 moratus,
1215 2123 1385 2184 quam
1419 2105 1548 2166 dum
1579 2106 1950 2181 Scytharum
1966 2106 2180 2166 auxilia
2221 2122 2357 2165 con·

350 2192 517 2264 ciret,
550 2188 747 2267 pergit
775 2206 1063 2269 properus
1096 2199 1155 2250 et
1186 2193 1576 2269 praeveniens
1603 2192 1958 2251 inimicorum
1989 2198 2180 2263 astus,
2222 2191 2358 2249 ami·

350 2289 547 2332 corum
588 2272 1023 2349 paenitentiam
1080 2292 1274 2353 neque
1325 2284 1565 2334 exuerat
1605 2275 1952 2353 paedorem,
2006 2283 2070 2333 ut
2118 2274 2355 2372 vulgum

302 2356 717 2415 amiseratione
762 2356 1113 2418 adverteret.
1181 2374 1300 2417 non
1337 2359 1530 2436 fraus,
1565 2377 1678 2419 non
1711 2378 1955 2438 preces,
1999 2358 2134 2421 nihil
2179 2358 2350 2415 omis-

348 2455 469 2501 sum
520 2458 633 2519 quo
684 2432 985 2519 ambiguos
1024 2442 1320 2519 inliceret,
1367 2447 1618 2522 prompti
1659 2444 2037 2505 firmarentur.
2121 2444 2351 2521 iamque
2401 2448 2410 2469 ⁸

338 2526 519 2606 multa
550 2543 717 2585 manu
760 2528 1089 2605 propinqua
1131 2526 1440 2587 Seleuciae
1483 2528 1862 2605 adventabat,
1917 2545 2041 2587 cum
2065 2525 2352 2593 Tiridates

346 2609 514 2669 simul
546 2609 697 2669 fama
732 2617 905 2688 atque
938 2612 1069 2687 ipso
1099 2609 1398 2671 Artabano
1441 2612 1746 2692 perculsus
1788 2611 2024 2672 distrahi
2065 2609 2352 2685 consiliis,

345 2694 458 2754 iret
487 2703 689 2753 contra
724 2712 794 2763 an
825 2693 1041 2753 bellum
1072 2697 1436 2755 cunctatione
1466 2706 1762 2759 tractaret.
1824 2696 2030 2775 quibus
2065 2694 2360 2773 proelium

278 2796 327 2839 ιο
346 2788 405 2839 et
434 2778 689 2838 festinati
721 2795 891 2837 casus
920 2776 1248 2857 placebant,
1279 2778 1556 2842 disiectos
1587 2790 1646 2842 et
1677 2781 2098 2857 longinquitate
2129 2780 2360 2839 itineris

343 2862 543 2923 fessos
570 2879 646 2921 ne
682 2863 867 2921 animo
905 2860 1134 2940 quidem
1169 2865 1308 2923 satis
1338 2865 1410 2925 ad
1453 2868 1794 2945 opsequium
1839 2862 2128 2924 coaluisse
2169 2863 2360 2923 disse-

345 2956 492 3024 runt,
526 2945 857 3024 proditores
891 2964 1076 3025 nuper
1106 2946 1426 3027 hostes-que
1457 2953 1602 3026 eius,
1639 2968 1806 3027 quem
1842 2966 2068 3007 rursum
2090 2947 2360 3009 foveant.

346 3048 547 3091 verum
577 3028 964 3106 Abdagaeses
998 3031 1442 3107 regrediendum
1465 3037 1521 3095 in
1541 3034 2020 3113 Mesopotamiam
2045 3032 2360 3108 censebat,

346 3124 407 3173 ut
436 3132 599 3175 amne
634 3113 888 3192 obiecto,
922 3114 1209 3177 Armeniis
1244 3120 1469 3179 interim
1510 3118 1921 3196 Elymaeisque
1943 3125 2022 3177 et
2065 3118 2290 3177 ceteris
2325 3136 2364 3177 a

277 3204 327 3245 ¹⁵
346 3207 517 3275 tergo
550 3199 792 3276 excitis,
828 3201 977 3259 aucti
1014 3199 1201 3279 copiis
1240 3203 1556 3271 socialibus
1603 3213 1662 3263 et
1703 3220 1847 3282 quas
1897 3202 2013 3262 dux
2051 3201 2364 3263 Romanus

297 3300 319 3368 s
345 3285 598 3343 misisset
630 3283 916 3344 fortunam
948 3293 1315 3365 temptarent.
1377 3306 1449 3348 ea
1477 3289 1758 3347 sententia
1795 3287 2002 3362 valuit,
2045 3288 2184 3364 quia
2223 3284 2364 3364 plu-

344 3367 486 3427 rima
530 3370 841 3429 auctoritas
880 3388 1065 3449 penes
1107 3370 1498 3449 Abdagaesen
1558 3382 1617 3431 et
1658 3370 1942 3433 Tiridates
1989 3371 2242 3448 ignavus
2285 3370 2362 3431 ad

347 3451 605 3526 pericula
656 3462 795 3513 erat.
866 3454 972 3515 sed
1011 3455 1187 3532 fugae
1230 3458 1431 3536 specie
1470 3456 1816 3526 discessum
1872 3456 1966 3515 'ac'
1991 3456 2292 3535 principio
2325 3474 2360 3515 a
