2475 4000
174 2 229 8 —0-
239 0 281 6 -μ
298 0 704 15 nom
1308 2 1311 4 v
1660 0 1665 11 1
2328 0 2345 13 ³(
2436 2 2449 4 ἡ

2179 46 2188 48 Α.
2223 44 2238 56 4,
2339 42 2347 50 ‚
2369 42 2373 44 -

720 288 929 337 menn
957 290 1096 348 ενι.
1132 288 1282 337 οη.
1313 286 1550 342 18-23,
2000 276 2148 363 325,

80 455 207 506 rat.
293 444 409 504 die
457 448 721 523 quoque,-
762 460 877 531 quo
917 451 1155 521 praetor
1181 442 1462 502 Antistius
1493 441 1570 503 ob
1589 442 1811 520 ,probra
1853 447 1910 505 in
1937 445 2120 508 Nero-

82 546 237 589 nem
280 530 629 604 composita
666 526 743 587 ad
775 536 1019 587 mortem
1058 525 1462 602 damnabatur,
1507 526 1732 585 mitio-ru
1771 531 1992 590 censuit
2020 532 2118 591 ob·
2142 551 2192 593 ιο

84 614 449 691 tinuitqne'3
475 619 536 670 et
558 626 685 670 cum
708 612 875 671 deun
894 611 1147 671 honores
1163 610 1476 689 Poppaeae
1493 609 1892 688 decernuntur,
1915 626 2123 693 sponte

91 697 345 757 absens
364 739 386 771 ,
430 694 619 754 funeri
650 712 770 754 non.
813 694 1170 755 interfuerat.
1226 710 1379 771 quae
1407 692 1704 775 obliterari
1745 710 1862 753 non
1901 698 2126 759 sinebat

94 780 344 858 Capito.
391 774 799 855 Cossutianus,
846 786 1081 856 praeter
1108 777 1350 837 animum
1393 776 1466 837 ad
1503 775 1722 853 flagitia
1751 780 2124 857 praecipitem

90 864 367 941 iniquus
389 861 729 937 Thraseae,
761 862 917 939 quod
946 862 1286 921 auctoritate
1317 861 1440 920 eius
1473 859 1854 937 concidisset,
1883 862 2124 926 iuvantis

96 947 383 1007 Cilicum
414 944 667 1022 legatos,
696 946 827 1005 dum
858 942 1197 1024 Capitonem
1224 942 1666 1023 repetundarum
1697 944 2072 1021 interrogant.
2145 970 2193 1009 15

246 1030 365 1089 22.
406 1029 556 1103 Quin
596 1038 655 1087 et
696 1029 794 1089 illa
824 1028 1186 1104 obiectabat,
1230 1028 1519 1106 principio
1565 1027 1694 1087 anni
1732 1028 1915 1089 vitare
1949 1028 2122 1089 Thra·

98 1130 286 1174 seam
338 1112 627 1171 sollemne
666 1113 755 1171 ius
792 1113 1114 1181 iurandum;
1156 1110 1672 1189 nuncupationibus
1711 1120 1973 1171 votorum
2013 1130 2126 1171 non

100 1199 350 1259 adesse
368 1241 386 1272 ,
420 1196 677 1273 quamvis
710 1195 1200 1273 quindecimvirali
1230 1194 1562 1257 sacerdotio
1595 1193 1938 1273 praeditum
1969 1214 2124 1255 num-

104 1299 305 1361 quam
339 1295 451 1357 pro
482 1279 665 1338 salute
691 1279 966 1359 principis
996 1288 1089 1339 aut
1121 1278 1361 1338 caelesti
1395 1296 1546 1337 voce
1577 1278 1996 1349 immolavisse;
2030 1278 2124 1343 ad-

102 1366 362 1427 siduum
404 1361 539 1422 olim
580 1370 642 1420 et
676 1361 1059 1439 indefessum,
1103 1363 1197 1440 qui
1246 1360 1603 1442 vulgaribus·
1627 1376 1857 1439 quoque
1903 1372 2122 1442 patrum
2147 1387 2174 1427 5

106 1446 421 1509 consultis
462 1452 646 1507 semet
683 1447 967 1507 fautorem
1007 1454 1102 1507 aut
1128 1444 1516 1507 adversarium
1545 1444 1912 1523 ostenderet,
1955 1448 2123 1507 trien-

105 1536 221 1593 nio
258 1546 385 1590 nou.
416 1531 689 1589 introisse
714 1531 957 1599 σπι-ἔως
1000 1532 1474 1610 nuperrimeque,
1507 1546 1634 1589 cum
1661 1527 1732 1587 ud
1765 1530 2124 1598 coercendos

108 1617 392 1677 Silanum
440 1622 499 1673 et
536 1614 813 1673 Veterem
854 1614 1111 1675 certatim
1142 1622 1618 1692 concurreretur,
1659 1614 1900 1695 privatis
1933 1616 2122 1693 potius

113 1698 433 1761 clientium
478 1698 731 1773 negotiis
774 1699 1101 1760 vacavisse.
1160 1701 1556 1761 secessionem
1592 1699 1707 1761 iam
1750 1698 1810 1759 id-
1837 1704 1898 1759 et
1925 1707 2122 1779 partes
2229 1697 2233 1709 '

112 1794 209 1859 et,
248 1783 301 1841 si
330 1782 477 1841 idem
506 1780 666 1841 multi
692 1782 955 1859 audeant,
986 1782 1201 1844 bellum
1233 1799 1384 1843 esse.
1443 1784 1540 1843 eut
1569 1781 1853 1861 quondam
1873 1779 1939 1842 C.
1973 1778 2116 1843 Gae-
2142 1801 2192 1844 10

112 1870 364 1926 sarem’
404 1866 585 1943 inquit
624 1868 723 1926 eet
748 1866 825 1927 M.
860 1865 1167 1943 Catonem,
1210 1868 1291 1927 ita
1323 1884 1474 1953 nunc
1501 1874 1593 1940 te,
1633 1864 1815 1941 Nero,
1854 1874 1912 1925 et
1945 1866 2121 1926 Thra-

116 1962 310 2012 seam*
335 1950 505 2025 avida
544 1950 956 2011 discordiarum
999 1952 1201 2012 civitas
1241 1949 1513 2028 loquitur.
1573 1957 1632 2007 et
1671 1946 1846 2011 habet
1875 1958 2122 2010 sectato·

115 2051 234 2095 res
274 2027 371 2093 vel
416 2036 607 2112 potius
648 2035 967 2110 satellites,
1017 2035 1117 2113 qui
1152 2033 1400 2093 nondum
1441 2032 1856 2092 contumaciam
1897 2041 2122 2092 senten·

116 2119 339 2175 tiorum
368 2115 474 2174 sed
502 2117 752 2176 habitum
774 2117 1109 2195 voltumque
1134 2117 1262 2177 eius
1290 2124 1602 2190 sectantur,
1627 2115 1798 2192 rigidi
1829 2123 1886 2174 et
1908 2115 2121 2192 tristes»,

122 2213 251 2276 quo
282 2196 384 2256 tibi
413 2198 709 2260 lasciviam
737 2199 1108 2278 exprobrent.
1166 2200 1300 2260 huic
1328 2201 1423 2260 uni
1463 2199 1824 2260 incolumitas
1863 2208 1958 2260 tua
1997 2201 2118 2259 sine
2141 2215 2190 2255 15

126 2297 330 2359 cura,
376 2291 532 2341 artes
576 2282 701 2342 sine
738 2282 981 2344 bonore.
1049 2298 1368 2362 prosperas
1415 2284 1690 2363 principis
1731 2302 1830 2343 res
1869 2285 2117 2363 spernit:

128 2365 387 2426 etiamne
430 2366 679 2426 luctibus
728 2375 791 2425 et
824 2366 1123 2428 doloribus
1164 2385 1282 2428 non
1325 2365 1599 2427 satiatur?
1635 2367 1913 2428 eiusdem
1953 2369 2121 2428 animi

129 2459 229 2510 est
256 2449 589 2528 Poppaeam
617 2449 807 2510 divam
835 2468 951 2510 non
982 2451 1248 2528 credere,
1278 2451 1440 2510 cuius
1467 2452 1526 2509 in
1567 2459 1697 2511 aeta
1725 2451 1840 2510 divi
1877 2451 2121 2528 Augusti

132 2542 198 2593 et
233 2534 347 2593 divi
391 2533 499 2593 Iuli
541 2549 657 2594 non
694 2535 905 2595 iurare.
986 2536 1207 2613 spernit
1248 2534 1602 2610 religiones,
1647 2533 1894 2612 abrogat
1929 2534 2116 2610 leges.

133 2617 331 2677 diurna
360 2601 563 2697 popuii
588 2617 833 2678 Romani
862 2634 971 2698 per
1003 2616 1361 2697 provincias,
1404 2635 1513 2696 per
1547 2619 1842 2678 exercitus
1871 2619 2120 2678 curatius
2136 2639 2190 2680 20

132 2703 432 2779 leguntur,
476 2710 535 2761 ut
563 2711 837 2762 noscatur
863 2703 996 2781 quid
1027 2703 1286 2763 Thrasea
1326 2718 1444 2760 non
1484 2701 1714 2762 fecerit.
1775 2707 1870 2760 ant
1901 2711 2118 2761 trause-

138 2803 295 2845 amus
324 2785 397 2844 ad
426 2784 527 2844 illa
554 2786 835 2861 instituta,
876 2788 925 2845 si
967 2788 1194 2866 potiora
1226 2794 1388 2860 sunt,
1433 2794 1530 2844 aut
1565 2800 1716 2846 nova
1760 2784 2120 2862 cupientibus

137 2868 427 2929 auferatur
457 2866 571 2928 dux
614 2878 672 2929 et
712 2878 934 2929 auctor.
991 2871 1101 2930 ista
1144 2878 1307 2929 secta
1336 2867 1678 2929 Tuberones
1711 2877 1772 2928 et
1807 2867 2120 2944 Favonius,
2151 2892 2158 2925 ;

134 2953 319 3012 veteri
349 2969 581 3031 quoque
620 2952 1015 3032 reipublicae
1044 2955 1270 3030 ingrata
1305 2953 1552 3031 nomina,
1581 2953 1800 3030 genuit.
1857 2960 1916 3012 ut
1942 2954 2118 3030 impe·

33 3033 34 3038 ’
135 3038 275 3096 rium
318 3045 615 3113 evertant,
654 3036 977 3098 libertatem
1006 3038 1370 3118 praeferunt:
1403 3036 1454 3096 si
1484 3037 1902 3115 perverterint,
1942 3034 2114 3094 liber·
2137 3057 2189 3097 25

134 3127 305 3178 tatem
329 3120 513 3198 ipsam
544 3120 971 3197 adgrediemur.
1037 3121 1250 3181 frustra
1289 3118 1552 3180 Cassium
1587 3120 1884 3195 amovisti,
1919 3119 1970 3178 si
2013 3117 2120 3200 gli-

137 3221 302 3262 scere
343 3212 402 3262 et
444 3205 653 3282 vigere
684 3204 987 3265 Brutorum
1018 3205 1278 3266 aemulos
1307 3221 1582 3282 passurus
1611 3221 1699 3264 es.
1756 3203 2002 3280 denique
2041 3201 2119 3260 ni-

33 3321 37 3354 ,
133 3285 213 3345 hil
244 3287 375 3366 ipse
402 3287 477 3348 de
509 3287 767 3350 Thrasea
794 3290 1133 3369 scripseris:
1158 3287 1620 3366 disceptatorem
1655 3295 1913 3347 senatum
1951 3284 2120 3345 nobis

134 3369 439 3450 relinque?
518 3372 745 3432 extollit
785 3373 869 3432 ira
908 3382 1234 3453 promptum
1284 3371 1612 3434 Cossutiani
1665 3372 1904 3431 animum
1959 3369 2117 3429 Nero

32 3461 55 3526 *t
138 3453 421 3532 adicitque
447 3455 785 3516 Marcellum
813 3455 1051 3536 Eprium
1084 3457 1207 3518 acri
1234 3455 1586 3534 eloquentia.
2137 3469 2188 3511 so

33 3561 61 3612 tt
258 3537 358 3599 23.
408 3539 489 3598 At
516 3538 758 3600 Baream
790 3542 1071 3602 Soranum
1097 3543 1209 3601 iam
1234 3539 1346 3600 sibi
1369 3538 1634 3600 Ostorius
1657 3538 1904 3601 Sabinus
1933 3555 2118 3617 eques
