2475 4000
408 193 537 257 308.
897 199 1227 248 connum
1259 197 1493 244 rruem
1523 197 1890 244 Amanum

404 358 633 434 agmina
655 353 811 414 trahi
840 371 910 416 ac
940 352 1161 413 foribus
1189 352 1485 413 hortorum
1514 351 1799 412 adiacere.
1859 359 2031 426 atque
2071 349 2168 409 ubi
2205 349 2400 410 dicen-

408 441 538 503 dam
567 439 639 498 ad
668 456 897 499 causam
926 439 1279 512 introissent,
1309 455 1432 497 non
1459 443 1688 495 secreta
1716 443 1928 494 tantum
1959 451 2102 510 erga
2135 437 2399 494 coniura-

407 533 532 601 tos,
578 522 682 582 sed
722 521 991 581 fortuitus
1022 537 1250 598 sermo,
1285 520 1455 580 subiti
1490 537 1797 594 occursuS,
1853 519 1903 576 si
1947 517 2310 594 convivium,
2357 521 2404 578 si

410 606 803 686 spectaculum
844 605 1009 665 simul
1053 607 1328 680 inissent,
1379 622 1484 683 pro
1531 605 1762 662 crimine
1805 603 2022 679 accipi,
2065 619 2193 660 cum
2225 621 2406 679 super

300 689 390 750 *10
413 691 664 751 Neronis
704 709 773 749 ac
814 689 1083 766 Tigellini
1126 706 1338 748 saevas
1378 688 1852 766 percontationes
1878 685 2128 745 Faenius
2167 703 2404 764 quoque

404 775 589 836 Rufus
630 773 921 833 violenter
961 781 1266 848 urgueret,
1316 771 1564 830 nondum
1611 770 1684 830 ab
1726 769 2009 829 indicibus
2054 771 2406 846 nominatim,

406 869 470 918 et-
516 876 629 937 quo
676 858 847 917 fidem
876 857 1143 916 inscitiae
1178 863 1429 934 pararet,
1465 865 1636 914 atrox
1665 854 1943 914 adversus
1973 855 2197 912 socios.
2251 853 2408 913 idem

406 943 613 1004 Subrio
658 941 841 1000 Flavo
884 939 1183 999 adsistenti
1214 939 1630 1017 adnuentique,
1677 953 1750 1000 an
1783 941 1935 996 inter
1974 937 2162 1015 ipsam
2199 941 2406 1016 cogni-

406 1029 623 1088 tionem
656 1025 1049 1100 destringeret
1092 1023 1342 1099 gladium
1373 1023 1726 1100 caedemque
1766 1031 2050 1100 patraret,
2092 1023 2286 1080 renuit
2321 1023 2407 1080 in-

336 1133 389 1173 15
407 1111 701 1188 fregitque
733 1111 1003 1187 impetum
1031 1109 1143 1168 iam
1171 1126 1392 1168 manum
1421 1107 1494 1167 ad
1525 1107 1788 1186 capulum
1819 1106 2150 1165 referentis.
2184 1153 2192 1159 .

535 1196 636 1255 59.
688 1192 879 1252 Fuere
938 1194 1031 1270 qui
1090 1192 1316 1270 prodita
1379 1191 1803 1266 coniuratione,
1861 1189 1992 1248 dum
2033 1189 2260 1250 auditur
2301 1190 2408 1250 Mi·

404 1277 627 1353 liehuS,
662 1277 791 1336 dum
824 1276 1041 1335 dubitat
1070 1276 1414 1352 Scaevinus,
1455 1275 1821 1336 hortarentur
1847 1273 2118 1334 Pisonem
2149 1291 2410 1350 pergere

404 1364 465 1421 in
506 1370 695 1420 castra
735 1369 839 1421 ⁸>aut
883 1370 1069 1419 rostra
1114 1359 1435 1419 escendere
1477 1361 1774 1437 studiaque
1817 1357 2054 1430 militum
2101 1365 2160 1416 et
2201 1358 2408 1435 populi

405 1453 711 1522 temptare.
772 1448 820 1503 si
852 1442 1151 1503 conatibus
1189 1445 1312 1503 eius
1343 1444 1561 1512 conscii
1583 1443 2062 1520 adgregarentur,
2097 1450 2407 1500 secuturos

356 1551 385 1590 5
411 1529 581 1586 etiam
628 1529 918 1602 integros;
967 1545 1346 1604 magnamque
1389 1536 1578 1586 motae
1621 1529 1707 1586 rei
1751 1527 1986 1601 famam,
2033 1543 2182 1602 quae
2227 1525 2406 1602 pluri-

408 1630 555 1670 mum
599 1613 655 1668 in
696 1611 864 1668 novis
910 1610 1169 1668 consiliis
1198 1611 1438 1670 valeret.
1497 1610 1634 1668 nihil
1677 1611 1978 1670 adversum
2007 1609 2157 1668 haec
2184 1609 2408 1668 Neroni

410 1695 722 1774 provisum.
786 1694 953 1752 etiam
976 1693 1162 1753 fortes
1186 1696 1346 1752 viros
1375 1694 1833 1769 subitisterreri,
1865 1694 2073 1752 nedum
2107 1692 2405 1752 ille-scae-

408 1783 592 1854 nicus„
631 1777 921 1854 Tigellino
954 1777 1178 1838 scilicet
1209 1795 1336 1836 cum
1367 1778 1686 1856 paelicibus
1717 1780 1834 1836 suis
1871 1779 2212 1853 comitante,
2251 1794 2408 1836 arma

410 1871 611 1922 contra
644 1865 842 1920 cieret.
901 1861 1075 1922 multa
1118 1861 1474 1940 experiendo
1515 1862 1786 1938 confieri,
1830 1879 1976 1939 quae
2007 1860 2288 1936 segnibus
2317 1879 2404 1918 ar-

340 1970 389 2011 10
410 1948 519 2008 dua
548 1946 867 2007 videantur.
934 1947 1143 2006 frustra
1176 1946 1462 2006 silentium
1497 1954 1556 2005 et
1590 1946 1758 2006 fidem
1801 1947 1858 2004 in
1902 1953 1988 2005 tot
2034 1945 2407 2004 consciorum

408 2032 609 2093 animis
646 2040 702 2090 et
740 2029 1083 2111 corporibus
1118 2048 1389 2109 sperare;
1437 2032 1711 2089 cruciatui
1756 2038 1851 2089 aut
1892 2030 2148 2107 praemio
2198 2038 2406 2087 cuncta

406 2118 608 2195 pervia
646 2130 800 2173 esse.
859 2124 1134 2173 venturos
1166 2115 1264 2192 qui
1296 2116 1480 2192 ipsum
1511 2131 1740 2192 quoque
1763 2114 2066 2188 vincirent,
2102 2121 2402 2191 postremo

405 2198 641 2274 indigna
668 2215 817 2257 nece
852 2198 1183 2257 adiicerent.
1249 2207 1458 2275 quanto
1505 2198 1842 2260 laudabilius
1882 2198 2232 2276 periturum,
2277 2195 2404 2255 dum

411 2282 775 2359 amplectitur
804 2282 1274 2360 rempublicam,
1307 2281 1436 2340 dum
1467 2282 1678 2340 auxilia
1710 2281 1962 2340 libertati
1992 2281 2250 2339 invocat.
2305 2282 2402 2337 mi·

336 2384 387 2425 15
409 2365 497 2424 les
537 2366 729 2443 potius
758 2364 995 2424 deesset
1028 2375 1087 2425 et
1116 2364 1323 2441 plebes
1353 2364 1683 2441 desereret,
1726 2362 1860 2424 dum
1899 2365 2024 2441 ipse
2066 2363 2400 2434 maioribus,

338 2488 349 2504 2
407 2449 537 2509 dum
568 2450 931 2526 posteris,·si
970 2452 1081 2508 vita
1114 2450 1576 2527 praeriperetur,
1605 2458 1848 2508 mortem
1877 2447 2252 2526 adprobaret.
2324 2451 2402 2506 in-

404 2542 593 2593 motus
627 2531 715 2590 his
746 2531 1123 2611 etpaululum
1152 2534 1222 2590 in·
1245 2531 1480 2609 publico
1510 2542 1806 2607 versatus,
1855 2542 1992 2610 post
2023 2532 2177 2591 domi
2209 2550 2401 2591 secre-

402 2625 527 2692 tus,
572 2618 815 2675 animum
860 2616 1159 2677 adversum
1210 2634 1474 2681 suprema
1519 2616 1811 2692 firmabat,
1859 2616 2049 2675 donec
2080 2635 2281 2676 manus
2309 2618 2404 2674 mi-

406 2700 565 2758 litum
610 2699 936 2776 adveniret,
996 2718 1142 2778 quos
1184 2700 1342 2758 Nero
1390 2702 1608 2759 tirones
1654 2708 1750 2760 aut
1789 2700 2090 2779 stipendiis
2133 2709 2404 2759 recentes

338 2802 390 2842 20
414 2781 749 2859 delegerat:
797 2801 926 2843 nam
964 2794 1129 2843 vetus
1174 2783 1340 2842 miles
1384 2782 1684 2843 timebatur
1723 2802 2060 2865 quamquam
2089 2783 2298 2843 favore
2327 2786 2402 2841 in-

403 2867 594 2927 butus.
664 2867 805 2927 obiit
847 2867 1106 2944 abruptis
1142 2866 1514 2927 brachiorum
1543 2870 1725 2926 venis.
1787 2876 2188 2927 testamentum
2217 2868 2406 2927 foedis

400 2950 686 3011 adversus
728 2950 1019 3010 Neronem
1062 2950 1482 3013 adulationibus
1529 2954 1708 3011 amori
1763 2953 1962 3011 uxoris
2009 2946 2197 3028 dedit,
2241 2970 2404 3030 quam

336 3104 347 3123 ἡ
410 3035 760 3112 degenerem
805 3044 863 3093 et
902 3035 1030 3094 sola
1075 3036 1342 3113 corporis
1374 3036 1556 3094 forma
1603 3035 2052 3095 commendatam
2091 3038 2262 3095 amici
2294 3054 2402 3095 ma·

409 3120 673 3178 trimonio
709 3118 1043 3186 abstulerat.
1102 3137 1310 3178 nomen
1342 3119 1598 3181 mulieris
1632 3119 1796 3179 Atria
1829 3118 2023 3194 Galla,
2077 3120 2262 3197 priori
2293 3138 2399 3177 ma-

330 3225 391 3265 25
411 3204 522 3263 rito
554 3202 837 3263 Domitius
866 3202 1050 3262 Silus:
1105 3203 1201 3261 hic
1229 3205 1530 3281 patientia,
1561 3202 1660 3263 illa
1692 3203 2023 3281 inpudicitia
2051 3202 2290 3265 Pisonis
2323 3207 2399 3263 in-

379 3332 383 3341 .
407 3286 653 3346 famiam·
667 3304 1095 3366 propag-avere.
1803 3324 1812 3335 .

532 3370 631 3431 60.
674 3370 997 3430 Proximam
1040 3388 1240 3429 necem
1272 3370 1476 3431 Plautii
1503 3372 1770 3431 Laterani
1813 3372 2066 3432 consulis
2115 3372 2402 3449 designati

403 3450 567 3509 Nero
606 3452 885 3530 adiungit,
920 3453 1065 3513 adeo
1098 3471 1387 3533 propere,
1419 3464 1480 3513 ut
1512 3472 1628 3515 non
1661 3456 1968 3534 complecti
1998 3456 2258 3533 liberoS,
2293 3475 2402 3517 uon
