2475 4000
631 202 638 209 ·
717 192 928 242 menn
949 194 1022 241 11.
1050 194 1200 246 CAR.
1219 192 1461 271 32—36.
2050 182 2128 243 55

113 346 418 426 precibus
455 355 740 405 tenerent.
821 346 972 407 hau-d
1021 346 1218 407 minus
1253 348 1420 408 liberi
1468 349 1687 409 doloris
1730 345 2130 409 documentum

20 430 23 433 ’
110 432 280 493 idem
311 430 452 489 Piso
481 446 618 489 mox
649 428 804 489 dedit
837 434 1132 491 vocata·in
1161 434 1251 490 ius
1280 431 1615 508 Urgulania,
1646 450 1808 509 qnam
1842 450 2017 511 supra
2046 434 2127 492 le·

105 534 230 593 ges
265 514 522 573 amicitia
563 513 862 591 Augustae
905 514 1208 574 extulerat.
1280 524 1525 575 necant
1557 515 1865 593 Urgulania
1909 525 2127 593 optem-

111 599 389 678 per-avit,
422 598 478 657 in
509 598 733 657 domum
765 595 1036 657 Caesaris
1065 606 1267 677 spreto
1296 598 1509 657 Pisone
1531 606 1722 674 vecta,
1754 608 1847 657 aut
1872 600 1971 659 ille
1996 600 2123 660 abs·
2148 610 2197 651 1⁰

115 682 352 757 cessit,
403 698 743 759 quamquam
784 680 1049 758 Augusta
1084 701 1148 741 se
1176 682 1383 773 violari
1414 691 1473 740 et
1500 681 1745 740 imminui
1773 693 2127 759 quereretur.

109 766 404 827 Tiberius
433 762 710 825 hactenus
739 764 1042 843 indulgere
1073 766 1238 824 matri
1280 752 1451 824 civile
1482 774 1675 840 ratus,
1722 773 1781 823 ut
1820 782 1885 823 se
1927 767 2131 825 iturum

61 918 76 931 ,
111 851 188 911 ad
222 848 533 928 praetoris
562 848 828 924 tribunal,
863 848 1184 907 adfuturum
1215 849 1567 925 Urgulaniae
1598 848 1845 925 diceret,
1892 866 2129 927 proces-

109 936 190 994 sit
221 934 493 1008 Palatio,
526 930 734 1010 procul
769 928 932 1009 sequi
963 932 1133 991 iussis
1161 932 1453 991 militibus.
1516 930 1888 1010 spectabatur
1930 949 2130 992 occur-

111 1026 290 1078 sante
347 1015 574 1095 populo
615 1017 970 1093 compositus
1015 1033 1120 1075 ore
1163 1024 1222 1074 et
1275 1015 1633 1075 sermonibus
1688 1016 1864 1075 variis
1906 1024 2131 1093 tempus
2151 1034 2199 1075 ιε

112 1110 300 1180 atque
335 1101 454 1160 iter
481 1098 718 1175 ducens,
749 1098 938 1157 donec
962 1101 1303 1177 propinquis
1325 1099 1595 1159 Pisonem
1618 1099 1830 1161 frustra
1855 1116 2129 1159 coercen-

112 1185 274 1245 tibus
307 1183 533 1245 deferri
560 1182 826 1259 Augusta
856 1184 1176 1261 pec-uniam,
1213 1200 1361 1260 quae
1389 1182 1712 1261 petebatur,
1746 1177 1989 1243 iuberet.
2053 1184 2129 1240 is·

113 1288 231 1347 que
262 1269 403 1329 linis
431 1268 548 1343 rei,
593 1285 668 1325 ex
707 1284 816 1345 qua
857 1284 1048 1344 neque
1077 1265 1210 1325 Piso
1254 1266 1535 1343 inglorius
1582 1264 1891 1326 et‘Caesar
1914 1267 2129 1325 maiore

111 1354 270 1413 fama
301 1352 436 1411 fuit.
501 1360 758 1410 ceterum
792 1350 1149 1425 Urgulaniae
1194 1352 1450 1428 potentia
1506 1350 1652 1409 adeo
1698 1350 1863 1409 nimia
1916 1349 2131 1408 civitati

113 1445 267 1513 erat,
300 1445 368 1495 ut
401 1435 568 1493 testis
592 1435 649 1492 in
681 1450 854 1493 causa
891 1432 1163 1510 quadam,
1202 1452 1347 1512 quae
1374 1433 1526 1512 apud
1556 1431 2198 1493 senatum.tractaba·2⁰

113 1530 230 1596 tur,
264 1520 478 1579 venire
509 1517 948 1594 dedignaretur:
995 1518 1202 1577 missus
1230 1525 1321 1576 est
1350 1526 1587 1596 praetor
1622 1518 1717 1595 qni
1760 1516 1912 1576 domi
1957 1517 2127 1576 inter-

114 1612 390 1681 rogaret,
429 1620 556 1661 cum
586 1602 852 1677 virgines
884 1601 1159 1662 Vestales
1188 1603 1247 1661 in
1272 1602 1405 1660 foro
1434 1610 1491 1661 et
1519 1600 1729 1661 iudicio
1750 1600 1962 1677 audiri,
1990 1618 2127 1678 quo-

112 1689 270 1749 tiens
301 1686 698 1747 testimonium
722 1684 1000 1762 dicerent,
1034 1692 1200 1745 vetus
1228 1702 1355 1745 mos
1386 1686 1578 1745 fuerit.
1914 1724 1919 1728 -

249 1772 359 1833 35.
402 1770 522 1830 Res
551 1788 624 1829 eo
655 1786 804 1829 anno
839 1769 1096 1847 prolatas
1126 1768 1275 1830 haud
1304 1769 1616 1845 referrem,
1664 1769 1721 1826 ni
1756 1770 1998 1845 pretium
2039 1768 2125 1827 fo—

114 1863 208 1914 ret
246 1852 360 1914 Gn.
394 1853 620 1914 Pisonis
647 1862 706 1913 et
728 1852 913 1911 Asinii
945 1852 1092 1913 Galli
1128 1871 1306 1932 super
1337 1870 1409 1911 eo
1440 1852 1681 1927 negotio
1712 1850 1970 1911 diversas
2000 1870 2127 1911 sen-

115 1938 340 1998 tentias
368 1950 638 1998 noscere.
688 1936 845 2014 Piso,
877 1954 1216 2016 quamquam
1215 1932 1526 1994 afuturum
1554 1952 1619 1991 se
1646 1932 1867 1991 dixerat
1880 1925 2127 2010 Caesar,

116 2013 195 2081 ob
229 2021 294 2082 id
325 2024 515 2098 magis
537 2020 809 2099 agendas
823 2020 1134 2096 censebat,
1178 2029 1238 2078 ut
1282 2017 1523 2077 absente
1571 2017 1833 2097 principe
1874 2024 2129 2076 senatum

113 2115 178 2165 et
211 2106 450 2181 equites
491 2122 666 2183 posse
708 2122 809 2164 sua
853 2106 1041 2163 munia
1087 2104 1373 2164 sustinere
1416 2101 1699 2162 decorum
1731 2101 1818 2158 rei
1858 2098 2125 2178 publicae
2149 2127 2177 2166 5

115 2191 309 2247 foret·-
369 2186 584 2264 Gallus,
615 2189 747 2266 quia
779 2189 1040 2265 speeiem
1070 2186 1355 2246 libertatis
1378 2184 1511 2244 Piso
1545 2193 1961 2284 praeceperat,
1992 2183 2127 2244 nihil

117 2257 274 2330 satis
299 2268 542 2329 inlustre
578 2279 673 2329 aut
713 2288 788 2328 ex
822 2269 1098 2346 dignitate
1146 2268 1351 2347 populi
1390 2269 1629 2330 Romani
1674 2270 1781 2328 nisi
1830 2286 2025 2328 coram
2056 2276 2129 2328 et

117 2351 232 2413 sub
285 2352 475 2412 oculis
523 2351 821 2429 Caesaris,
863 2369 1068 2436 eoque
1101 2360 1447 2412 conventum
1491 2352 1692 2413 ltaliae
1739 2361 1797 2410 et
1832 2352 2129 2412 adfluentis

120 2437 468 2515 provincias
498 2438 862 2515 praesentiae
895 2438 1022 2496 eius
1053 2437 1340 2498 servanda
1370 2436 1619 2497 dicebat.
1678 2434 1945 2495 audiente
1981 2436 2128 2494 haec

121 2520 368 2580 Tiberio
401 2539 470 2580 ac
514 2519 722 2580 silente
761 2523 986 2598 magnis
1014 2524 1299 2600 utrimque
1332 2518 1793 2582 contentionibus
1810 2527 1981 2596 acta,
2022 2519 2125 2578 sed
2146 2543 2197 2584 ω

122 2623 222 2664 res
261 2603 499 2664 dilatae.

249 2687 358 2748 36.
402 2688 478 2748 Et
509 2696 800 2748 certamen
841 2686 1010 2748 Gallo
1053 2689 1333 2748 adversus
1364 2687 1675 2748 Caesarem
1717 2694 1980 2745 exortum
2020 2694 2129 2745 est.

127 2789 252 2831 nam
289 2773 516 2832 censuit
549 2773 607 2831 in
639 2772 1082 2850 quinquennium
1109 2775 1541 2850 magistratuum
1573 2771 1802 2830 comitia
1842 2767 2127 2846 habenda,

125 2863 310 2936 utque
333 2853 628 2934 legionum
658 2855 870 2932 legati,
921 2857 1015 2931 qui
1055 2865 1186 2916 ante
1235 2863 1560 2934 praeturam
1601 2873 1671 2914 ea
1698 2853 1897 2912 militia
1926 2852 2126 2930 funge-

125 2937 350 3016 bantur,
383 2943 494 3000 iam
523 2949 638 3000 tum
673 2947 980 3018 praetores
1018 2938 1475 3016 destinarentur,
1508 2942 1787 3019 princeps
1825 2935 2130 3001 duodecim

131 3023 464 3085 candidatos
497 3025 554 3082 in
589 3041 770 3084 annos
815 3022 1080 3097 singulos
1119 3023 1457 3082 nominaret.
1536 3021 1685 3082 haud
1730 3020 1958 3081 dubium
2000 3029 2124 3080 erat
2144 3033 2172 3071 ⁵

131 3121 254 3166 eam
283 3109 624 3184 sententiam
663 3107 833 3167 altius
874 3115 1182 3184 penetrare
1221 3115 1282 3165 et
1324 3124 1535 3166 arcana
1577 3106 1802 3184 imperii
1844 3105 2125 3183 temptari.

132 3186 398 3251 Tiberius
433 3199 656 3268 tamen,
721 3191 886 3270 quasi
941 3197 1253 3266 augeretur
1299 3198 1561 3266 potestas
1617 3189 1775 3264 eius,
1828 3188 2125 3247 disseruit:

132 3288 310 3346 grave
344 3275 728 3336 moderationi
759 3291 898 3334 suae
929 3282 1016 3334 tot
1042 3271 1291 3350 eligere,
1320 3281 1409 3332 tot
1438 3271 1690 3332 differre.
1759 3272 1857 3330 vix
1886 3289 1993 3349 per
2016 3271 2125 3328 sin-

129 3355 304 3428 gulos
335 3377 520 3420 annos
551 3360 906 3440 offensiones
942 3357 1141 3433 vitari,
1189 3357 1448 3435 quamvis
1470 3354 1761 3434 repulsam
1805 3357 2125 3432 propinqua

135 3454 270 3516 spes
304 3443 562 3503 soletur:
605 3453 874 3522 quantum
917 3435 1038 3501 odii
1065 3441 1196 3505 fore
1225 3440 1313 3502 ab
1358 3441 1431 3509 iis
1482 3441 1577 3518 qui
1630 3438 1777 3498 ultra
1818 3439 2207 3517 quinquen-10
