2475 4000
618 185 827 232 menn
866 186 981 233 xv.
1024 186 1174 233 OAP.
1215 184 1476 237 50—54.
1926 173 2051 239 305

2 338 247 399 urbem
292 340 353 396 in
397 338 495 403 illa
538 340 720 415 invisa
764 348 826 397 et
856 338 1061 417 spoliis
1093 340 1298 399 civium
1331 348 1620 401 exstructa
1661 339 1832 400 domo
1864 339 1960 404 vel
1978 342 2050 405 jn

6 422 290 503 publico
340 430 669 500 patraturos
694 422 869 503 ‚quod
907 440 1013 500 pro
1056 442 1123 483 re
1162 422 1394 501 publica
1423 425 1838 501 suscepissent.
1899 424 2046 486 haec

2 510 87 567 in
120 524 470 582 commune,
518 514 773 585 ceterum
808 508 1013 585 timore
1058 505 1325 582 occulto,
1371 524 1444 565 ne
1485 506 1548 565 L.
1580 506 1806 573 Silanus
1841 510 2048 571 eximia

5 589 355 651 nobilitate
388 576 807 670 disciplinaque
838 588 914 657 Gi*
942 588 1155 667 Cassii,-
1196 589 1347 667 apud
1379 608 1549 667 quem
1589 590 1862 649 educatus
1903 602 2044 668 erat,
2065 612 2118 653 10

14 674 106 734 ad
144 691 383 734 omnem
410 672 803 755 claritudinem
832 672 1089 737 sublatus
1110 672 1408 753 imperium
1431 674 1748 748 invaderet,
1783 685 2047 753 prompte

16 759 269 817 daturis
300 758 397 834 qui
432 775 465 815 a
500 760 895 818 coniuratione
926 759 1133 834 integri
1166 766 1364 817 essent
1399 758 1611 835 quique
1643 758 2050 817 miserarentur

12 842 346 901 Neron-em
388 848 671 919 tamquam
714 860 821 921 per
856 842 1049 901 scelus
1088 841 1471 901 interfectum.
1530 842 1794 921 plerique
1824 842 2050 901 Vestini

20 941 285 1003 quoque
312 924 568 983 consulis
589 942 725 984 acre
754 928 1043 1013 ingenium
1066 926 1342 984 vitavisse
1367 925 1632 985 Pisonem
1657 924 2046 1000 crediderunt,

20 1028 117 1069 ne
160 1006 240 1067 ad
278 1006 605 1067 libertatem
651 1018 941 1086 oreretur,
990 1010 1085 1069 vel
1127 1009 1362 1068 delecto
1407 1010 1758 1087 imperatore
1807 1007 1919 1067 alio
1961 1010 2047 1067 sui
2068 1025 2118 1065 15

18 1092 303 1151 muneris
349 1109 471 1150 rem
500 1090 790 1169 publicam
814 1094 1061 1154 faceret.
1132 1094 1342 1151 etenim
1377 1110 1590 1170 expers
1637 1092 2046 1152 coniurationis

24 1185 205 1250 erat,
262 1176 521 1253 quamvis
572 1166 747 1254 supe'r
792 1194 863 1235 eo
916 1178 1148 1254 erimine
1197 1174 1356 1234 Nero
1405 1185 1568 1235 vetus
1617 1174 1936 1235 adversum.
1967 1177 2046 1235 in-

24 1269 277 1320 sontem
314 1259 503 1318 odium
536 1260 881 1338 expleverit.

176 1342 283 1403 53.
332 1342 585 1402 Tandem
619 1344 1248 1402 statuere-circensium
1275 1343 1537 1403 ludorum.
1557 1342 1684 1419 die,
1717 1344 1810 1421 qui
1845 1342 2046 1403 Cereri

28 1426 401 1503 celebratur,
440 1428 679 1505 exsequi
712 1426 1015 1501 destinata,
1050 1428 1179 1504 quia
1214 1420 1434 1487 Caesar
1462 1445 1626 1487 rarus
1663 1445 1908 1503 egressu
1942 1426 2044 1486 do-

26 1528 257 1589 moque
304 1519 403 1571 aut
442 1510 625 1569 hortis
674 1510 901 1571 clausus
936 1511 1007 1570 ad
1049 1510 1266 1571 ludicra
1311 1512 1450 1571 circi
1490 1510 1807 1571 ventitabat
1853 1508 2044 1590 pro'm-

30 1597 390 1675 ptioresque
430 1593 615 1653 aditus
653 1603 815 1653 erant
843 1594 1077 1654 -laetitia
1119 1594 1458 1673 spectaculi.
1520 1594 1778 1654 ordinem
1821 1595 2043 1655 insidiis
2147 1644 2174 1661 „

32 1687 528 1756 composuerant,
586 1688 647 1737 ut
693 1678 1037 1754 Lateranus,
1090 1682 1252 1757 quasi
1299 1678 1610 1739 subsidium
1651 1681 1737 1737 rei
1779 1678 2091 1739 familiai-if>

34 1754 276 1836 oraret,
308 1762 785 1840 deprecabundus
818 1772 879 1822 et·
892 1762 1149 1840 genibus
1181 1764 1460 1841 principis
1487 1761 1761 1821 accidens
1787 1772 2043 1839 proster-

30 1854 215 1905 neret
257 1847 542 1905 incautum
583 1856 1026 1925 premeretque,
1074 1848 1246 1905 animi
1296 1844 1518 1904 validus
1561 1853 1618 1903 et
1665 1861 1916 1921 corpore
1961 1848 2042 1905 in·
2071 1836 2095 1851 ³

32 1946 215 2008 gens.
274 1939 390 1988 tum
430 1932 713 1989 iacentem
754 1938 811 1989 et
846 1930 1176 2009 impeditum
1216 1927 1428 1987 tribuni
1470 1936 1528 1986 et
1573 1928 1943 1986 centuriones
1987 1938 2045 1987 et

36 2023 410 2089 ceterorum,
456 2024 515 2073 ut
550 2018 793 2092 quisque
833 2014 1135 2074 audentiae
1168 2012 1492 2088 habuisset,
1527 2011 1900 2070 adcurrerent
1928 2020 2042 2070 tru-

36 2096 473 2173 cidarentque,·
508 2101 720 2175 primas
764 2097 871 2155 sibi
904 2107 1101 2175 partes
1140 2095 1546 2174 expostulante
1579 2095 1901 2171 ScaevinO,
1947 2098 2042 2173 qui
2065 2103 2113 2143 1⁰

38 2177 365 2258 pugionem
406 2180 622 2257 templo
670 2180 883 2238 Salutis
934 2181 1089 2256 sive,
1140 2189 1203 2240 ut
1244 2179 1339 2239 alii
1381 2179 1704 2255 tradidere,
1753 2177 2044 2238 Fortunae

36 2261 361 2324 Ferentino
412 2264 470 2320 in
519 2262 735 2340 oppido
802 2263 1130 2324 detraxerat
1178 2262 1568 2342 gestabatque
1616 2262 1780 2322 velut
1831 2280 2042 2339 magno

42 2344 223 2423 operi
254 2362 497 2404 sacrum.
552 2347 776 2406 interim
800 2347 935 2407 Piso
968 2347 1117 2426 apud
1150 2347 1352 2406 aedem
1380 2345 1612 2406 Cereris
1650 2348 2041 2425 opperiretur,

40 2427 202 2496 ,unde
244 2447 369 2488 eum
420 2429 753 2507 praefectus
793 2430 1043 2490 Faenius
1088 2441 1146 2490 et
1199 2432 1382 2490 ceteri
1429 2433 1672 2490 accitum
1713 2430 1935 2490 ferrent
1985 2433 2042 2490 in

46 2521 274 2587 castra,
322 2515 625 2573 eomitante
658 2514 907 2574 Antonia
953 2515 1173 2592 Claudii
1216 2514 1485 2575 Caesaris
1529 2515 1644 2574 lilia
1691 2513 1760 2574 ad
1804 2515 2110 2572 elicies-15

46 2598 185 2656 dum
213 2596 369 2672 volgi
401 2597 683 2674 favorem,
721 2599 873 2676 quod
907 2598 971 2658 C.
1006 2599 1220 2659 Plinius
1251 2608 1550 2672 memorat.
1613 2597 1780 2659 nobis
1805 2614 2039 2676 quoquo

46 2679 225 2740 modo
264 2681 526 2740 traditum
574 2699 691 2742 nou
732 2683 1025 2743 occultare
1054 2685 1111 2742 in
1140 2685 1326 2743 animo
1370 2683 1502 2758 suit,
1549 2683 1804 2760 quamvis
1843 2681 2039 2742 absur-

50 2765 183 2823 dum
214 2764 500 2824 videretur
544 2775 639 2825 aut
676 2768 900 2825 inanem
940 2767 1011 2826 ad
1046 2785 1210 2846 spem
1244 2767 1552 2826 Antoniam
1593 2783 1802 2825 nomen
1844 2775 1902 2825 et
1939 2783 2038 2842 pe-

48 2847 297 2912 riculum
316 2849 794 2926 commodavisse,
830 2860 925 2910 aut
949 2851 1217 2911 Pisonem
1255 2859 1448 2910 notum
1480 2868 1678 2910 amore
1709 2850 1910 2908 uxoris
1941 2849 2040 2908 alii

50 2933 400 2992 matrimonio
436 2952 503 2992 se
536 2933 945 3011 obstrinxisse,
990 2937 1097 2994 nisi
1128 2938 1177 2994 si
1220 2934 1430 3013 cupido
1462 2933 1782 2994 dominandi
1815 2934 2036 2992 cunctis
2055 2945 2110 2986 2⁰

53 3014 366 3076 adfectibus
397 3018 732 3094 flagrantior
760 3027 867 3077 est.
1672 3047 1678 3054 ·

184 3101 275 3162 54.
320 3102 437 3161 Sed
478 3103 675 3161 mirum
719 3119 886 3180 quam
932 3104 1081 3161 inter
1128 3103 1341 3162 diversi
1369 3105 1606 3178 generis
1640 3101 1888 3177 ordinis,
1941 3118 2035 3159 ae-

54 3185 187 3244 tatis
222 3202 419 3260 sexus,
464 3185 611 3245 dites
642 3205 933 3265 pauperes
974 3187 1358 3245 taciturnitate
1391 3187 1578 3246 omnia
1610 3185 1862 3247 cohibita
1903 3185 2034 3259 sint,

60 3268 240 3327 donec
280 3269 527 3346 proditio
582 3273 779 3349 coepit
824 3289 857 3329 e
898 3270 1067 3330 domo
1100 3271 1395 3338 Scaevini;
1443 3273 1536 3348 qui
1581 3269 1766 3348 pridie
1807 3267 2034 3327 insidia-

62 3369 181 3410 rum
208 3353 371 3413 multo
404 3371 671 3414 sermone
710 3373 834 3414 cum
868 3355 1118 3414 Antonio
1150 3353 1391 3428 Natale,
1429 3353 1560 3412 dein
1589 3371 1896 3429 regressus
1931 3351 2032 3411 do-

63 3453 205 3494 mum
240 3443 628 3499 testamentum
674 3438 1030 3516 obsignavit,
1074 3446 1398 3516 promptum
1438 3439 2030 3582 vagina20pugionem,
2058 3457 2086 3497 ⁵
2150 3497 2168 3512 .

145 3539 303 3577 TAcrrl
326 3541 465 3580 PARS
490 3543 525 3579 ¹.
878 3563 886 3574 ι
1241 3547 1256 3554 “
