2475 4000
579 224 586 231 ·
667 215 879 263 mmm
905 216 996 263 w.
1047 214 1200 263 ou».
1231 214 1473 269 28-—32.
1946 206 2067 267 127

87 365 272 446 der'at,
325 378 511 429 actum
563 368 636 429 de
687 370 958 448 praemiis
1008 334 1417 429 accusatorum
1460 368 1787 450 abolendis,
1844 374 1892 431 si
1938 374 2067 451 quis

82 454 380 513 maiestatis
425 452 746 531 postulatus
787 462 918 513 ante
974 453 1299 537 perfectum
1344 452 1609 512 iudicium
1660 472 1725 513 se
1775 457 1905 534 ipse
1950 458 2067 516 vita

83 538 441 615 privavisset.
506 536 808 626 ibaturque
855 539 914 595 in
964 555 1090 597 eam
1143 540 1515 613 sententiam,
1579 537 1637 597 ni
1683 537 1878 599 durius
1930 554 2067 600 con·

80 629 274 698 traque
321 638 541 681 morem
583 634 762 681 “suum
817 622 1006 699 palam
1054 640 1163 700 pro
1223 620 1659 681 accusatoribus
1712 620 1929 689 Caesar
1984 626 2141 687 in-1o
2211 690 2215 694 ,

79 706 209 764 ritas
265 704 469 783 legeS,
525 722 647 763 rem
688 703 976 781 publicam
1019 706 1076 765 in
1119 706 1428 783 praecipiti
1480 715 1833 782 conquestus
1880 716 2066 765 esset:

81 786 476 848 subverterent
517 790 710 867 potius
751 789 870 847 iura
920 806 1086 868 quam
1129 789 1407 849 custodes
1460 804 1658 848 eorum
1713 799 2068 849 amoverent.

81 874 158 931 sic
197 871 518 949 delatores,
558 890 744 950 genus
794 871 1080 932 hominum
1132 868 1370 953 publico
1424 874 1601 931 exitio
1663 882 1958 972 repertum
2014 882 2073 933 et

77 973 148 1015 ne
187 957 414 1035 poenis
441 956 670 1035 quidem
704 974 965 1035 umquam
995 958 1132 1017 satis
1164 958 1512 1033 coercitum,
1542 974 1651 1035 per
1680 959 1938 1035 praemia
1968 956 2069 1016 eli-

81 1039 200 1097 cieb
2192 1090 2196 1096 Ι

154 1050 401 1183 §ruffi-s
445 1132 560 1183 tam
599 1122 868 1183 adsiduis
899 1133 1127 1203 tamque
1170 1126 1406 1183 maestis
1447 1124 1673 1185 modica
1716 1125 1933 1185 laetitia
1983 1126 2068 1183 in·
2086 1062 2137 1205 {⁵

73 1208 354 1285 tericitur,
389 1207 545 1285 quod
577 1206 644 1267 G.
676 1205 994 1267 Cominium
1025 1210 1273 1295 equitem
1300 1209 1649 1284 Romanum,
1696 1209 1969 1287 probrosi
2014 1210 2071 1267 in

75 1308 134 1348 se
163 1293 432 1352 carminis
464 1292 816 1367 convictum,
865 1291 1082 1351 Caesar
1127 1280 1437 1373 precibus
1444 1292 1667 1369 fratriS,
1712 1294 1807 1371 qui
1838 1301 2071 1353 senator

74 1384 208 1452 erat,
245 1376 562 1435 concessit.
628 1392 742 1453 quo
771 1377 958 1452 magis
987 1377 1187 1435 mirum
1225 1376 1545 1436 habebatur
1589 1393 1828 1453 gnarum
1850 1375 2069 1436 melio-

71 1476 212 1536 rum,
265 1470 326 1520 et
371 1476 532 1558 quae
566 1459 716 1518 fama
767 1459 1128 1519 clementiam
1147 1469 1538 1539 sequeretur,
1588 1461 1845 1521 tristiora
1874 1460 2115 1521 rna-lle&

70 1558 250 1621 neque
298 1545 452 1606 enim
496 1542 766 1603 socordia
812 1542 1124 1622 peccabat3
1165 1562 1276 1604 nec
1322 1544 1611 1605 occultum
1659 1555 1779 1622 est,
1840 1544 2123 1623 quando·

69 1644 139 1685 ex
189 1631 471 1703 veritate,
515 1625 744 1705 quando
801 1627 1127 1689 adumbrata
1183 1618 1399 1688 laetitia
1456 1628 1609 1688 facta
1660 1630 2070 1709 imperatorum

71 1710 455 1775 celebrentur.
525 1712 659 1789 quin
694 1712 844 1790 ipse,
877 1714 1218 1791 conpositus
1254 1712 1396 1772 alias
1430 1720 1487 1771 et
1516 1708 1679 1772 v'elut
1704 1713 2071 1774 eluctantium

67 1795 462 1872 verborum,s
435 1794 680 1855 solutius
713 1798 1146 1875 promptiusque
1183 1795 1595 1873 eloquebatur,
1633 1790 1899 1873 quoti'ens
1933 1796 2066 1856 sub-

63 1881 306 1939 veniret
379 1886 436 1939 at
465 1878 528 1939 P.
559 1880 818 1940 Suillium
855 1890 1222 1959 quaestorem
1249 1878 1534 1956 quondam
1560 1877 1903 1957 Germanici,
1940 1896 2064 1939 cum
2090 1882 2139 1923 ¹0

60 1960 222 2024 Italia
257 1972 557 2025 arceretur
605 1966 906 2026 convictus
948 1965 1253 2044 pecuniam
1295 1961 1370 2023 ob
1411 1978 1535 2020 rem
1580 1960 1937 2022 iudicandam
1974 1980 2069 2022 ce-

61 2049 257 2124 pisse,
315 2048 691 2108 amovendum
745 2050 804 2108 in
851 2049 1095 2108 insulam
1149 2046 1406 2122 censuit,
1480 2053 1635 2106 tanta
1692 2048 2071 2105 contentione
2156 2119 2165 2128 ι

57 2133 253 2206 animi,
285 2139 350 2188 ut
375 2131 500 2189 iure
536 2131 775 2192 iurando
804 2123 1202 2209 obstringeret
1213 2149 1259 2188 e
1282 2147 1349 2189 re
1376 2127 1609 2208 publica
1632 2130 1687 2190 id
1710 2147 1864 2191 esse.
1918 2127 2071 2209 quod

53 2231 276 2292 aspere
308 2222 610 2292 acceptum
637 2215 709 2274 ad
741 2231 1024 2294 praesens
1055 2233 1194 2274 mox
1221 2216 1281 2272 in
1318 2213 1551 2272 laudem
1577 2217 1749 2276 vertit
1791 2229 2069 2292 regresso

53 2296 299 2364 Suillio;
337 2311 507 2374 quem
539 2296 680 2357 vidit
709 2313 962 2376 sequens
993 2308 1154 2359 aetas
1185 2307 1660 2377 praepotentem,
1706 2299 1969 2358 venalem
2012 2306 2070 2358 et
2090 2313 2140 2352 1⁵
2216 2363 2228 2384 ⁸

55 2380 288 2443 Claudii
345 2381 626 2460 principis
707 2383 954 2443 amicitia
1028 2382 1120 2443 diu
1182 2397 1501 2462 prospere,
1564 2394 1866 2461 numquam
1917 2383 2069 2442 bene
2172 2448 2175 2451 ,

53 2484 238 2527 usum.
306 2464 512 2524 eadem
542 2482 732 2545 poena
762 2467 818 2524 in
850 2464 1049 2528 Catum
1093 2465 1365 2527 Firmium
1410 2464 1740 2528 sedatorem
1783 2467 2068 2542 statuitur,

53 2560 352 2629 tamquam
405 2549 570 2609 falsis
629 2551 943 2610 maiestatis
992 2551 1341 2614 criminibus
1414 2567 1677 2612 sororem
1742 2551 2069 2630 petivisset.

57 2634 264 2712 Catus,
318 2642 382 2692 ut
411 2634 640 2712 rettuli,
681 2626 956 2694 Libonem
984 2636 1271 2697 inlexerat
1300 2636 1555 2713 insidiis,
1604 2635 1811 2696 deinde
1858 2633 2069 2694 indicio

57 2720 416 2797 perculerat.
479 2720 602 2778 eius
634 2736 852 2797 operae
881 2737 1100 2780 memor
1149 2720 1448 2796 TiberiuS,
1493 2719 1598 2781 sed
1644 2720 1756 2780 alia
1803 2727 2067 2798 praeten-
2086 2735 2142 2776 ιο

60 2803 233 2881 dens,
283 2801 520 2862 exilium
563 2802 914 2883 deprecatus
955 2813 1075 2864 est:
1129 2820 1243 2882 quo
1279 2805 1463 2864 minus
1508 2812 1711 2864 senatu
1751 2799 2071 2883 pelleretur

61 2903 176 2948 non
207 2885 458 2948 obstitit.

174 2972 278 3033 32.
323 2971 614 3050 Pleraque
639 2968 867 3048 e‘orum,
901 2973 1048 3049 quae
1071 2972 1265 3030 rettuli
1290 2989 1555 3051 quaeque
1578 2972 1828 3032 referam
1843 2986 2070 3048 ,parva

57 3055 306 3118 forsitan
340 3064 400 3115 et
431 3055 586 3116 levia
616 3059 933 3116 memoratu
960 3053 1143 3114 videri
1173 3072 1288 3114 non
1322 3059 1554 3116 nescius
1584 3073 1738 3124 sum:
1768 3054 1873 3117 sed
1899 3069 2067 3113 nemo

55 3141 297 3201 annales
326 3149 564 3216 nostros
598 3159 724 3200 cum
759 3140 1045 3218 scriptura
1075 3155 1275 3199 eorum
1308 3139 1683 3215 contenderit,
1714 3139 1809 3217 qui
1836 3146 2069 3198 veteres

56 3225 262 3302 populi
297 3225 546 3284 Romani
579 3241 1099 3303 res-conposuere.
1160 3223 1415 3300 ingentia
1446 3225 1531 3284 illi
1561 3223 1737 3299 bella,
1773 3239 2065 3300 expugna*

51 3309 248 3369 tiones
281 3307 530 3385 urbium,
561 3308 726 3369 fusos
757 3317 1080 3387 captosque
1105 3304 1317 3385 reges,
1365 3317 1464 3368 aut
1504 3308 1553 3366 si
1600 3306 1823 3386 quando
1872 3306 1942 3365 ad
1984 3307 2061 3364 in·
2088 3321 2141 3360 ιν

51 3397 220 3454 terna
252 3401 723 3472 pmevenerent,
760 3391 1080 3453 discordias
1113 3391 1409 3452 consulum
1440 3392 1745 3453 adversum
1784 3390 2066 3464 tribunos,

47 3477 330 3553 agrarias
359 3477 874 3554 frumentariasque
922 3477 1121 3570 leges),
1161 3475 1353 3557 plebis
1395 3486 1453 3538 et
1490 3475 1841 3556 optimatium
1883 3482 2065 3560 certa-
