2475 4000
327 174 407 237 78
845 172 1174 233 comtum
1195 185 1429 233 raom
1451 185 1817 273 anaspum

261 360 316 399 is
337 336 628 418 potentiae
659 336 951 415 explevit,
985 340 1319 419 caniturque
1348 338 1536 400 adhuc
1562 338 1841 401 barbaras
1886 340 2037 418 apud
2086 350 2325 419 gentes,

330 422 678 481 Graecorum
713 421 1012 481 annalibus
1039 424 1301 499 ignotus,
1334 425 1430 500 qni
1462 442 1565 485 sua
1590 432 1805 483 tantum
1844 424 2120 484 mirantur
2138 469 2158 501 ‚
2210 425 2325 485 Ro·

328 504 956 649 :riisplisinlzauu-‹iiopgrinde
991 505 1278 583 celebris,
1323 508 1452 567 dum
1500 516 1702 567 vetera
1744 507 2075 567 extollimus
2116 526 2329 569 recen-

728 1085 1397 1213 09RNEL11
1458 1087 1922 1169 TACITI

819 1244 912 1308 AB
963 1242 1267 1309 Excsssu
1317 1244 1464 1307 mvl
1516 1243 1814 1309 AUGUSTI

609 1389 698 1479 A
804 1386 894 1479 N
995 1386 1085 1480 N
1186 1390 1276 1480 A
1380 1386 1465 1482 L
1570 1386 1621 1481 I
1722 1388 1815 1481 U
1914 1390 2027 1483 M

1097 1558 1592 1625 LIBERm.

329 1868 750 1921 BREVIARIUM.
801 1870 918 1936 Cap.
951 1870 997 1920 1.
1044 1872 1332 1937 Agrippina
1377 1887 1489 1921 cum
1534 1885 1661 1921 urna
1703 1870 1849 1921 ferali
1890 1882 2099 1937 magno
2126 1874 2332 1938 planctu
2426 1850 2431 1859 ⁵

397 1940 587 2006 passim
619 1940 882 2005 excipitur.
953 1940 1002 1989 2.
1050 1940 1303 1990 Funerum
1346 1941 1620 1991 sollemnia.
1693 1939 1945 1991 Primores
1986 1940 2155 2008 urbis
2174 1943 2329 1991 obvii.

396 2009 446 2061 3.
482 2009 729 2072 Tiberius,
761 2010 998 2075 Augusta
1025 2018 1073 2060 et
1101 2010 1323 2060 Antonia
1352 2011 1553 2090 publico
1588 2010 1856 2060 abstinent.
1912 2012 1963 2060 4.
1999 1988 2207 2060 Maeror
2236 2027 2332 2076 pu-

399 2079 576 2128 blicus.
636 2078 686 2127 5.
715 2047 967 2141 Tiberius,
1000 2093 1184 2145 parcus
1217 2080 1361 2130 visus
1394 2080 1446 2127 in
1479 2077 1773 2128 honorando
1798 2077 1997 2139 fun'ere,
2032 2077 2087 2129 6.
2120 2089 2331 2138 excusat

399 2162 453 2196 se
488 2155 536 2196 et
564 2145 808 2211 populum
837 2116 1001 2211 erigit.
1071 2148 1118 2196 7.
1164 2147 1412 2197 Iustitium
1455 2148 1715 2196 omissum.
1773 2145 1967 2197 Drusus
1998 2146 2063 2196 ad
2099 2148 2330 2210 Illyricos

399 2215 647 2263 exercitus
677 2213 794 2262 abit.
859 2213 908 2263 8.
945 2213 1063 2265 Piso
1097 2216 1162 2266 ad
1192 2216 1437 2277 Drusum,
1483 2216 1532 2267 9.
1568 2215 1686 2265 inde
1712 2215 1923 2266 Romam
1951 2216 2109 2264 alacri
2142 2217 2328 2265 animo,

402 2283 483 2333 10.
517 2281 634 2330 Mox
666 2290 944 2331 accusatur.
976 2283 1217 2350 Princeps
1252 2299 1456 2333 causam
1483 2283 1549 2333 ad
1581 2293 1808 2334 senatum
1837 2285 2058 2337 remittit.
2118 2285 2208 2337 11.
2237 2285 2331 2332 Pa-

398 2352 532 2402 troni
560 2364 646 2399 reo
678 2352 908 2413 quaesiti.
976 2351 1057 2401 12.
1096 2353 1283 2403 Tiberii
1316 2354 1471 2404 oratio
1502 2352 1568 2402 ad
1599 2362 1786 2418 patres.
1864 2351 1947 2404 13.
1980 2353 2062 2403 14.
2102 2353 2329 2402 Accusa-

398 2430 564 2470 torum
595 2419 989 2470 criminationem
1019 2436 1135 2470 reus
1164 2422 1297 2470 male
1324 2421 1484 2472 diluit.
1543 2421 1601 2470 In
1628 2435 1743 2470 eum
1772 2421 1963 2471 iudices
1996 2421 2139 2472 haud
2162 2423 2329 2486 proni,

397 2488 616 2556 populus
650 2488 1034 2538 offensissimus.
1108 2489 1188 2538 15.
1223 2490 1464 2539 Plancina
1502 2504 1704 2540 causam
1739 2505 1883 2540 suam
1915 2491 2176 2540 dissociat.
2250 2490 2333 2538 Pi-

399 2559 538 2609 sonis
567 2572 720 2618 morS,
760 2556 842 2608 16.
878 2556 1082 2606 dubium
1115 2573 1179 2606 an
1213 2559 1373 2619 iussu,
1404 2567 1452 2607 et
1481 2558 1546 2608 ad
1564 2558 1815 2608 Tiberium
1847 2557 2076 2608 codicilli.
2135 2557 2329 2608 17.18.

396 2628 512 2676 Piso
563 2625 697 2675 filius
753 2626 1055 2688 absolvitur,
1108 2627 1349 2676 Plancina
1392 2627 1657 2692 Augustae
1704 2628 1940 2693 precibus
1988 2627 2329 2676 condonatur.

397 2695 679 2745 Sententias
713 2695 766 2743 in
793 2694 1030 2744 Pisonem
1062 2696 1300 2766 princeps
1336 2696 1550 2761 mitigat.
1609 2695 1845 2746 Adulatio
1877 2695 2167 2759 impudens.
2246 2695 2331 2745 19.

397 2764 592 2815 Drusus
625 2772 756 2812 ovat.
823 2763 1068 2828 Vipsania
1101 2764 1325 2813 moritur.
1398 2764 1481 2814 20.
1516 2763 1809 2814 Tacfarinas
1844 2763 2027 2814 bellum
2066 2765 2122 2814 in
2154 2762 2335 2812 Africa

397 2839 619 2881 renovat.
683 2831 766 2881 21.
803 2832 861 2881 Id
889 2833 1103 2897 Apronii
1137 2833 1403 2881 severitate
1432 2834 1745 2898 opprimitur.
1794 2834 1878 2882 22.
1916 2831 2112 2896 Lepida
2137 2847 2335 2897 suppo-

398 2901 483 2950 siti
510 2909 702 2972 partuS,
729 2900 978 2961 adulterii,
1005 2901 1231 2950 veneficii
1257 2909 1504 2951 accusata.
1542 2900 1627 2955 23.
1657 2901 1854 2950 Tiberio
1880 2901 2124 2966 perplexe
2145 2911 2335 2966 agente

399 2957 683 3018 damnatur.
729 2970 812 3019 24.
842 2968 1042 3019 Silanus
1072 2969 1211 3019 exilii
1233 2971 1431 3022 veniam
1456 2973 1707 3035 impetrat.
1765 2970 1847 3019 25.
1880 2968 1988 3018 Lex
2008 2969 2173 3034 Papia
2195 2969 2335 3034 Pop-

397 3052 540 3104 paea.
593 3036 868 3087 Delatores.
929 3037 1014 3089 26.
1054 3037 1311 3088 Excursus
1344 3039 1408 3088 de
1431 3040 1659 3120 legi-bus,
1700 3053 1830 3102 quae
1868 3038 2011 3087 initio
2052 3053 2254 3103 paucae
2290 3046 2336 3086 et

402 3107 671 3171 simplices,
705 3106 946 3172 paulatim
975 3108 1155 3172 prime,
1190 3108 1275 3157 27.
1312 3108 1464 3158 dein
1452 3123 1502 3158 ιιι
1528 3109 1831 3166 immensum
1861 3113 2054 3156 auctae.
2111 3107 2200 3158 28.
2233 3107 2335 3155 Ea-

397 3189 509 3224 rum
546 3176 784 3224 coirectio
823 3182 1026 3230 tentata.
1097 3177 1181 3227 29.
1231 3175 1364 3226 Nero
1402 3173 1681 3225 Germanici
1718 3176 1783 3225 ad
1818 3174 2037 3224 honores
2064 3186 2335 3240 promotus

359 3265 362 3272 ·
396 3243 574 3292 Iuliam
598 3242 751 3306 ducit,
796 3242 946 3294 Drusi
968 3243 1137 3294 filiam.
1195 3243 1280 3295 30.
1308 3244 1504 3294 Volusii
1526 3253 1574 3293 et
1601 3243 1826 3294 Sallustii
1848 3256 1983 3292 mors
2010 3251 2059 3292 et
2082 3245 2332 3310 elogium.

394 3311 556 3360 Aulae
584 3312 805 3376 potentia
835 3311 1004 3362 infida.

501 3378 585 3431 31.
636 3379 861 3430 Tiberius
922 3391 969 3431 et
1014 3383 1208 3432 Drusus
1252 3397 1381 3432 coss.
1430 3383 1567 3430 Irrev
1570 3383 1760 3431 erentia
1808 3381 2081 3430 iuventutis
2139 3389 2332 3430 notata.

396 3446 604 3496 Viarum
637 3463 769 3498 cura.
824 3450 907 3500 32.
947 3450 1238 3500 Tacfarinas
1278 3451 1443 3499 turbat
1480 3451 1676 3499 iterum.
1735 3450 1958 3514 Lepidus
2001 3451 2161 3499 Asiae
2210 3465 2337 3514 pro-
