2475 4000
743 235 954 283 mmm
992 236 1086 284 1v.
1125 236 1279 284 cAP.
1321 238 1514 290 1—5.
2035 232 2152 292 115

77 458 92 473 .
159 386 423 468 pudicitia
449 391 557 451 alia
583 388 901 468 abnuerit),
927 386 1000 450 ad
1026 390 1281 468 coniugii
1308 409 1490 471 spem,
1526 394 1877 455 consortium
1902 396 2069 473 regni
2094 406 2151 457 et

158 493 357 535 necem
398 477 582 535 mariti
631 473 873 553 impulit.
949 483 1146 553 atque,
1169 474 1299 555 illa,
1344 477 1435 535 cui
1482 478 1793 537 avunculus
1832 479 2149 559 Augustus,

158 572 329 619 socer
362 556 648 636 Tiberius,
692 575 768 618 ex
794 558 985 618 Druso
1020 558 1220 634 liberi,
1268 578 1449 638 seque
1482 576 1549 619 ac
1582 563 1833 621 maiores
1864 571 1923 622 et
1954 572 2149 643 poste-

155 660 254 703 ros
300 642 938 721 municipaliadultero
981 641 1289 720 foedabat,
1334 652 1391 702 ut
1431 660 1541 723 pro
1582 642 1843 705 honestis
1886 656 1943 706 et
1981 665 2231 727 prae-15,

155 726 411 787 sentibus
452 726 744 802 flagitiosa
791 735 849 786 et
888 728 1110 787 incerta
1154 735 1550 806 exspectat-et.-
1625 732 1861 789 sumitur
1916 732 1973 789 in
2013 750 2149 792 con·

154 812 449 872 scientiam
476 810 798 888 Eudemus,
837 812 1053 871 amicus
1093 829 1163 870 ac
1205 810 1463 871 medicus
1502 810 1729 889 Liviae,
1768 814 1971 891 specie
2013 817 2151 875 artis

151 896 427 974 frequens
473 897 740 955 secretis.
817 893 982 974 pellit
1021 895 1194 956 domo
1239 896 1484 955 Seianus
1541 910 1784 957 uxorem
1827 896 2149 975 Apicatam,

153 998 225 1039 ex
255 997 369 1060 qua
397 988 517 1038 tres
551 978 774 1039 liberos
805 988 1117 1057 genuerat,
1163 976 1236 1037 ne
1281 979 1493 1058 paelici
1536 989 1988 1061 suspectaretur.
2047 981 2149 1041 sed

151 1061 483 1141 magnitudo
530 1063 809 1123 facinoris
849 1072 1095 1141 metum,
1157 1062 1551 1142 prolationes,
1599 1057 1829 1125 diversa
1871 1064 2217 1125 interdumzo

152 1146 394 1207 consilia
426 1146 747 1231 adferebat.

269 1232 331 1293 4.
389 1229 622 1290 Interim
669 1232 799 1291 anni
844 1229 1132 1310 principio
1171 1228 1395 1290 Drusus
1457 1249 1532 1291 ex
1575 1230 1896 1293 Germanici
1951 1230 2146 1291 liberis

148 1312 343 1393 togam
377 1315 602 1375 virilem
631 1316 891 1393 sumpsit,
923 1332 1185 1395 quaeque
1214 1313 1379 1374 fratri
1410 1316 1534 1375 eius
1556 1315 1778 1375 Neroni
1806 1314 2147 1375 decreverat

149 1408 380 1460 senatus
410 1396 679 1477 repetita.
739 1398 953 1459 addidit
983 1400 1304 1459 orationem
1342 1397 1579 1477 Caesar,
1614 1398 1785 1458 multa
1816 1413 1941 1453 cum
1972 1394 2141 1455 laude

149 1484 246 1543 lilii
277 1484 387 1559 sni,
423 1482 575 1563 quod
610 1486 793 1563 patria
824 1481 1232 1542 benevolentia
1262 1485 1322 1541 iu
1344 1482 1538 1544 fratris
1561 1482 1779 1545 liberos
1799 1477 1970 1536 foret.
2011 1490 2139 1539 nam

145 1566 366 1627 Drusus
379 1561 410 1644 ‚'
440 1586 776 1648 quamquam
805 1566 1036 1627 arduum
1076 1569 1149 1627 sit
1183 1566 1391 1627 eodem
1421 1566 1540 1627 loci
1567 1562 1875 1646 potentiam
1911 1569 1969 1619 et
2002 1580 2136 1622 con·
2158 1584 2183 1623 5

147 1652 401 1713 cordiam
435 1670 602 1729 esse,
646 1667 868 1731 aequus
901 1649 1367 1713 adulescentibus
1400 1658 1494 1711 aut
1523 1654 1679 1708 certe
1708 1659 1825 1701 nou
1855 1638 2138 1709 adversus

144 1734 482 1797 habebatur.
545 1738 706 1801 exim,
740 1744 906 1796 vetus
950 1744 1008 1795 et
1053 1753 1233 1811 saepe
1276 1734 1589 1793 simulatum
1628 1727 2044 1805 proficiscendi
2079 1732 2137 1789 in
2220 1777 2227 1779 -

144 1821 475 1898 provincias
500 1820 798 1881 consilium
821 1820 1090 1879 refertur.
1113 1816 1517 1876 multitudinem
1538 1816 1946 1871 veteranorum
1964 1826 2132 1893 prae·

95 1919 102 1927 ·
143 1903 383 1965 texebat
426 1905 743 1984 imperator
791 1914 851 1964 et
892 1899 1192 1963 dilectibus
1227 1888 1593 1973 ‘suppldndos
1638 1895 1961 1955 exercitus:
2007 1915 2133 1957 nam

140 1988 522 2050 voluntarium
554 1988 790 2050 militem
823 1988 1052 2059 deesse,
1088 2002 1158 2044 ac
1185 1982 1234 2040 si
1257 1970 1610 2052 suppeditet,
1643 1991 1757 2034 non
1788 1976 1990 2037 eadem
2017 1982 2129 2040 vir·
2154 2003 2202 2043 10

137 2081 261 2132 tute
289 2091 359 2133 ac
381 2074 662 2134 modestia
687 2089 882 2150 agere,
916 2068 1046 2146 quia
1071 2055 1403 2146 plerumque
1428 2057 1638 2134 inopes
1668 2077 1736 2118 ac
1760 2063 1896 2137 vagi
1920 2072 2129 2141 sponte

133 2155 395 2216 militiam
439 2165 676 2217 sumant.
737 2151 1176 2232 percensuitque
1238 2142 1448 2200 cursim
1505 2159 1795 2204 numerum
1837 2145 2131 2222 legionum

134 2246 196 2298 et
227 2255 379 2314 quas
411 2237 734 2318 provincias
769 2238 1091 2296 tutarentur.
1153 2223 1327 2323 quod·
1352 2223 1489 2284 mihi
1527 2243 1757 2306 quoque
1805 2227 2129 2312 exsequen-

133 2322 269 2383 dum
299 2334 458 2398 reor,
493 2337 636 2398 quae
668 2329 800 2379 tunc
820 2319 1067 2378 Romana
1100 2325 1275 2387 copia
1309 2327 1365 2369 m
1404 2311 1592 2388 armis,
1626 2312 1721 2390 qui
1752 2316 1899 2374 socii
1927 2334 2127 2394 regeS,

133 2413 354 2487 quanto
387 2405 458 2465 sit
485 2403 776 2479 angustius
797 2392 1192 2474 imperitatum.
2124 2412 2197 2453 -15
2308 2482 2318 2486 -

258 2491 320 2551 5.
373 2486 588 2549 Italiam
632 2493 866 2558 utroque
909 2477 1050 2536 mari
1089 2477 1234 2537 duae
1278 2476 1536 2556 classes,
1572 2477 1854 2540 Misenum
1884 2481 2035 2560 apud
2072 2491 2129 2542 et

131 2577 502 2648 Ravennam,
551 2566 975 2648 proximumque
1012 2559 1234 2622 Galliae
1266 2561 1399 2623 litus
1428 2572 1716 2623 rostratae
1748 2581 1927 2624 naves
1957 2583 2127 2645 prae·
2198 2601 2202 2606 .

136 2657 430 2731 sidebant,
463 2667 600 2730 quas
627 2645 865 2708 Actiaca
901 2645 1147 2706 victoria
1181 2655 1383 2726 captas
1412 2647 1711 2726 Augustus
1762 2647 1820 2706 in
1852 2649 2129 2729 oppidum

133 2738 533 2803 Foroiuliense
578 2729 809 2792 miserat
849 2729 1043 2789 valido
1095 2749 1221 2790 cum
1275 2732 1521 2808 remige.
1592 2730 1696 2791 sed
1752 2735 2127 2814 praecipuum

131 2825 312 2887 robur
341 2818 594 2884 Rhenum
626 2814 813 2889 iuxta,
852 2831 1148 2874 commune
1192 2815 1251 2872 in
1281 2813 1599 2876 Germanos
1635 2814 1950 2896 Gallosque
1991 2815 2121 2894 sub·
2144 2833 2170 2872 s

129 2908 354 2979 sidium,
403 2908 534 2960 octo
581 2898 850 2975 legiones
892 2907 1072 2957 erant.
1149 2895 1462 2978 Hispaniae
1506 2918 1717 2959 recens
1764 2900 2124 2979 perdomitae

124 2991 301 3051 tribus
331 2982 706 3046 habebantur.
753 2981 987 3042 Mauros
1012 2980 1152 3043 Iuba
1182 3001 1291 3066 rex
1322 2993 1638 3062 acceperat
1671 2983 1881 3043 donum
1921 2983 2127 3065 populi

123 3070 379 3134 Romani.
445 3069 639 3128 cetera
682 3065 921 3130 Africae
966 3084 1074 3144 per
1117 3064 1257 3126 duas
1288 3067 1557 3143 legiones
1601 3069 1843 3146 parique
1887 3083 2122 3128 numero

121 3157 465 3232 Aegyptus,
510 3150 718 3211 dehinc
759 3151 919 3210 initio
952 3149 1022 3210 ab
1056 3150 1261 3210 Suriae
1292 3168 1476 3229 usque
1512 3150 1582 3210 ad
1614 3151 1823 3212 flumen
1846 3150 2119 3232 ⁸Euphra-

118 3247 249 3313 ten,
297 3245 564 3315 quantum
592 3235 812 3312 ingenti
841 3233 1122 3295 terrarum
1153 3235 1279 3294 sinu
1315 3233 1586 3311 ambitur,
1624 3243 1894 3314 quattuor
1936 3235 2118 3311 legio·
2142 3252 2192 3292 10

117 3320 286 3381 nibus
344 3321 627 3395 coercita,
683 3318 903 3380 accolis
939 3317 1158 3379 Hibero
1205 3317 1552 3396 Albanoque
1596 3318 1821 3378 et'aliis
1864 3318 2119 3398 regibus,

119 3407 216 3483 qui
269 3399 660 3483 magnitudine
716 3411 912 3463 nostra
964 3413 1350 3482 proteguntur
1392 3402 1695 3463 adversum
1739 3411 1978 3464 externa
2020 3404 2117 3464 im-

34 3517 37 3522 ·
116 3490 307 3568 peria.
370 3495 430 3547 et
474 3487 813 3549 Thraeciam
849 3485 1305 3549 Rhoemetalces
1328 3501 1407 3548 ‘ac
1442 3486 1611 3548 liberi
1645 3485 1897 3633 cotyigs}
1911 3488 2116 3566 ripam·
