2475 4000
382 239 506 303 202
570 273 573 278 -
892 249 1218 300 coenem
1247 249 1478 304 'morri
1503 249 1871 299 sumnum

384 405 679 468 Edessam.
738 411 796 464 et
824 412 1071 464 vocante
1104 402 1331 466 Carene
1362 413 1770 484 promptasque
1804 423 1900 465 res
1935 407 2383 504 ostentante,si

316 508 365 549 ιε»
385 491 480 550 citi
511 488 907 564 advenissent,
941 505 1053 546 non
1083 490 1397 548 comminus
1419 489 1910 586 Mesopotamiam,
1937 490 2045 550 sed
2075 476 2232 550 fle'xu
2263 491 2380 550 Ar-

382 574 621 634 meniam
644 579 859 650 petunt,
884 571 941 631 id
960 574 1234 651 temporis
1257 573 1634 650 inportunam,
1661 573 1791 650 quia
1813 573 1994 633 hiems
2015 573 2378 652 occipiebat.

509 657 604 718 13.
644 655 812 716 Exim
848 654 1073 714 nivibus
1115 664 1175 728 et
1214 656 1500 716 montibus
1539 656 1713 732 fessi,
1771 665 2076 737 postquam
2125 675 2382 736 campos

383 739 869 821 propinquabant,
904 740 1090 818 copiis
1110 738 1347 800 Carenis
1367 740 1762 816 adiunguntur,
1788 741 2172 820 tramissoque
2202 760 2378 802 amne

382 826 543 903 Tigri
587 833 885 904 permeant
925 823 1262 885 Adiabenos
1275 841 1584 904 „quorum
1639 841 1748 883 rex
1786 822 1984 886 Izates·
2026 826 2378 886 societatem

379 908 729 971 Meherdatis
761 907 950 987 palam
978 907 1264 985 induerat,
1296 909 1352 968 in
1381 907 1674 968 Gotarzen
1701 925 1808 986 per
1839 908 2068 968 occulta
2093 917 2154 969 et
2183 911 2378 987 magis

333 1008 370 1048 s.
382 995 493 1055 fida
525 991 849 1054 inclinabat.
908 991 1013 1052 sed
1039 1001 1206 1072 capta
1234 993 1292 1051 in
1319 992 1558 1052 transitu
1579 990 1716 1050 urbs
1737 989 1951 1069 Ninos,
1982 995 2380 1054 vetustissima

381 1077 554 1139 sedes
578 1075 873 1152 Assyriae,
906 1083 966 1138 et
989 1075 1069 1116 **
1100 1075 1398 1136 castellum
1425 1076 1651 1152 insi-gne
1682 1075 1852 1152 fama,
1883 1075 2036 1153 quod
2067 1086 2376 1154 postremo

380 1165 527 1222 inter
555 1161 786 1220 Darium
829 1169 1001 1240 atque
1028 1159 1422 1220 Alexandrum
1461 1158 1688 1238 proelio
1720 1158 2025 1220 Persarum
2059 1159 2184 1219 illic
2217 1178 2376 1239 opes

382 1244 770 1306 conciderant.
828 1246 1049 1306 interea
1080 1243 1361 1304 Gotarzes
1399 1243 1550 1322 apud
1575 1251 1825 1302 montem
1863 1244 1953 1303 cui
1986 1261 2192 1302 nomen
2221 1245 2374 1304 San·

380 1329 549 1388 bulos
580 1337 741 1388 vota
732 1327 833 1387 dis
864 1328 980 1388 loci
1010 1327 1395 1406 suscipiebat,
1446 1329 1758 1407 praecipua
1786 1327 2072 1404 religione
2097 1327 2368 1403 Herculi,

311 1429 363 1470 ιο
384 1413 481 1490 qui
506 1421 768 1490 tempore
802 1418 950 1472 stato
981 1429 1086 1490 per
1114 1412 1363 1489 quietem
1383 1419 1578 1471 monet
1605 1408 1972 1487 sacerdotes,
2005 1419 2064 1470 ut
2089 1411 2372 1491 templum

358 1498 534 1554 iuxta
557 1512 739 1572 equos
759 1496 988 1554 venatui
1014 1494 1322 1556 adornatos
1353 1497 1573 1556 sistant.
1625 1495 1760 1573 equi
1785 1493 1883 1555 ubi
1901 1484 2204 1573 pharetras
2233 1495 2374 1556 telis

381 1587 613 1640 onustas
639 1594 961 1657 accepere,
1006 1596 1112 1656 per
1155 1579 1336 1638 saltus
1361 1580 1497 1656 vagi
1528 1587 1701 1640 nocte
1743 1578 1964 1638 demum
1995 1580 2192 1639 vacuis
2228 1579 2370 1658 pha-

377 1665 547 1723 retris
583 1660 759 1721 multo
793 1679 917 1720 cum
948 1660 1196 1721 anhelitu
1229 1661 1489 1722 redeunt.
1557 1681 1780 1722 rursum
1821 1662 1994 1738 dens,
2043 1681 2156 1740 qna
2189 1662 2372 1725 silvas

379 1748 793 1826 pei-erraverit,
824 1753 1105 1805 nocturno
1136 1747 1266 1806 visu
1294 1745 1662 1823 demonstrat3
1691 1747 2188 1826 reperiunturque
2204 1747 2372 1808 fusae
2457 1779 2459 1806 ;

226 1813 233 1830 ’
309 1845 359 1886 15
335 1832 589 1910 opassim
617 1829 799 1890 ferae.

403 1934 407 1938 ·
506 1915 603 1976 14.
649 1911 921 1974 Ceterum
974 1911 1284 1990 Gotarzes,
1347 1914 1595 1976 nondum
1650 1917 1788 1976 satis
1844 1923 2013 1976 aucto
2081 1915 2372 1992 exercitu,

375 2000 603 2060 flumine
635 1996 841 2060 Corma
873 2008 979 2078 pro
1010 2002 1353 2061 munimento
1388 2001 1498 2075 uti,
1531 2008 1588 2059 et
1617 2016 1952 2089 quamquam
1980 2018 2088 2079 per
2117 2001 2370 2060 insecta·

374 2085 562 2144 tiones
601 2092 659 2143 et
688 2086 916 2143 nuntios
948 2081 1019 2142 ad
1050 2084 1333 2162 proelium
1367 2092 1707 2161 vocaretur,
1740 2094 1975 2145 neotere
2005 2100 2238 2159 moras,
2283 2083 2370 2145 lo·

377 2187 481 2229 cos
510 2177 725 2226 mutare
756 2176 815 2225 et
842 2168 1029 2227 missis
1058 2166 1494 2247 corruptoribus
1523 2166 1839 2228 exuendam
1865 2167 1938 2229 ad
1966 2167 2135 2228 fidem
2165 2166 2370 2227 hostes
2456 2156 2457 2183 ³

326 2264 355 2302 ⁵
380 2251 677 2310 emercari.
744 2268 819 2309 ex
848 2252 976 2327 quis
1004 2248 1191 2312 Izates
1221 2250 1606 2327 Adiabenum,
1651 2270 1788 2313 mox
1817 2252 2080 2313 Acbarus
2108 2250 2368 2311 Arabum

380 2351 506 2392 cum
536 2333 794 2393 exercitu
829 2332 1171 2412 abscedunt,
1218 2335 1452 2395 levitate
1485 2336 1715 2414 gentili,
1754 2344 1814 2395 et
1841 2337 1974 2415 quia
2001 2337 2364 2413 experimen-

375 2419 448 2477 tis
492 2418 781 2495 cognitum
828 2426 919 2476 est
956 2416 1237 2479 barbaros
1288 2419 1461 2480 malle
1498 2419 1680 2480 Roma
1727 2428 1932 2499 petere
1972 2436 2150 2495 reges
2191 2434 2358 2495 quam
2453 2442 2455 2473 ι

376 2501 613 2561 habere.
690 2510 745 2561 at
778 2498 1145 2561 Meherdates
1190 2502 1398 2562 validis
1449 2503 1672 2562 auxiliis
1717 2504 1989 2580 nudatus,
2035 2510 2356 2565 ceterorum
2454 2524 2455 2537 ¹

376 2585 702 2664 proditione
749 2594 1050 2663 suspecta,
1112 2586 1266 2664 qnod
1321 2604 1487 2649 unum
1529 2586 1841 2666 reliquum,
1901 2605 2024 2647 rem
2062 2586 2117 2643 in
2159 2601 2358 2644 casnm

306 2670 359 2729 ἰο
377 2669 517 2729 dare
571 2668 909 2748 proelioque
964 2671 1218 2747 experiri
1275 2672 1486 2730 statuit.
1567 2688 1678 2730 nec
1726 2670 2068 2731 detrectavit
2109 2684 2358 2747 pugnam

376 2752 652 2813 Gotarzes
702 2752 1003 2811 deminutis
1064 2751 1327 2813 hostibus
1386 2754 1589 2823 ferox;
1649 2771 2102 2855 concursumque
2149 2758 2358 2828 magna
2452 2805 2453 2820 ,

360 2835 555 2899 «ααθᾶε
587 2844 644 2895 et
668 2833 931 2911 am‘biguo
956 2845 1193 2913 eventu,
1224 2836 1412 2897 donec
1436 2836 1715 2898 Carenem
1739 2838 2063 2918 profligatis
2092 2834 2368 2895 obversis-

372 2920 601 2997 longius
632 2926 893 2979 evectum
925 2921 1153 2995 integer
1182 2939 1215 2981 a
1247 2929 1416 2998 tergo
1459 2921 1671 2999 globus
1705 2921 2178 2983 circumveniret.
2245 2927 2358 2977 tum

374 3004 524 3063 omni
576 3021 681 3082 spe
740 3001 965 3079 perdita
1014 3002 1408 3081 Meherdates,
1475 3008 1760 3084 promissa
1814 3004 2077 3072 Parracis
2132 3004 2356 3081 paterni

305 3101 353 3143 ιε
378 3086 601 3149 clientis
636 3093 896 3162 secutus,
930 3085 1067 3146 dolo
1100 3089 1222 3148 eius
1251 3090 1496 3149 vincitur
1517 3089 1871 3168 traditurque
1898 3088 2128 3148 victori.
2183 3094 2358 3164 atque
2450 3080 2451 3102 ¹

373 3170 473 3231 ille
510 3185 629 3230 non
674 3170 1051 3249 propinquum
1096 3190 1288 3252 neque
1319 3173 1556 3234 Arsacis
1587 3172 1658 3234 de
1687 3181 1891 3251 gente,
1935 3171 2042 3231 sed
2077 3170 2354 3245 alienige-

372 3272 501 3315 nam
548 3263 605 3313 et
640 3253 958 3326 Romanum
998 3257 1335 3335 increpans,
1393 3256 1622 3317 auribus
1679 3256 1889 3317 decisis
1931 3257 2134 3315 vivere
2177 3252 2352 3327 iubet,
2448 3252 2449 3261 ’

376 3339 619 3397 ostentui
650 3336 990 3400 clementiae.
1017 3344 1153 3401 suae
1186 3349 1246 3400 et
1273 3343 1330 3399 in
1359 3357 1466 3400 nos
1495 3340 2026 3401 dehonestamento.
2085 3337 2220 3399 dein
2243 3336 2352 3397 Go-

370 3428 560 3480 tarzes
608 3421 810 3483 morbo
854 3423 1023 3500 obiit,
1066 3424 1396 3502 accitusque
1443 3424 1500 3484 in
1547 3442 1790 3501 regnum
1829 3424 2112 3483 Vonones
2149 3419 2352 3482 Medos

300 3513 355 3555 2⁰
373 3510 486 3561 tum
532 3506 888 3583 praesidens.
949 3507 1106 3567 nulla
1146 3506 1280 3567 hnic
1316 3522 1602 3586 prospera
1625 3504 1738 3567 'aut
1780 3505 2025 3566 adversa
2047 3504 2198 3583 quis
2239 3522 2348 3565 me·
