2475 4000
632 221 840 268 LIBER
871 222 1019 268 xm.
1054 223 1201 270 cAP.
1231 221 1471 276 25—29.
1928 213 2055 274 237

175 378 274 438 27.
316 375 997 438 Disserebaturcontra:
1044 394 1359 455 paucorum
1402 379 1626 456 culpam
1673 382 1815 460 ipsis
1848 383 2051 442 exitio-

61 479 171 522 sam
206 480 338 522 esse
369 459 586 520 debere
605 507 622 538 ,
655 461 794 520 nihil
822 463 1218 521 universorum
1248 462 1354 520 iuri
1386 461 1802 539 derogandum
1837 468 2051 546 quippe

60 545 167 604 late
193 546 377 606 fusum
408 545 466 604 id
499 562 730 624 corpus,
803 545 935 604 hinc
978 545 1318 624 plerumque
1351 545 1567 623 tribuS,
1604 547 1901 626 decurias,
1947 551 2047 609 mi·

58 629 279 690 nisteria
311 629 741 705 magistratibus
776 638 834 688 et
857 628 1279 705 sacerdotibus,
1314 629 1590 690 cohortes
1620 634 1791 690 etiam
1818 634 1877 691 in
1904 633 2047 694 urbe

61 715 439 793 conscriptam
490 723 548 773 et
577 712 834 791 plurimis
865 715 1144 792 equitum,
1188 714 1485 792 plerisque
1530 715 1893 776 senatoribus
1935 736 2095 778 nonis

55 797 282 856 aliunde·
301 799 587 874 originem
617 797 796 857 trahi:
844 798 893 857 si
936 808 1347 877 separarentur
1376 798 1661 876 libertini,
1690 801 2049 862 manifestam

55 880 172 940 fore
207 884 504 960 penuriam
540 883 937 958 ingenuorum.
1001 897 1119 942 non
1148 881 1361 942 frustra
1390 885 1677 961 maiores,
1714 902 1839 944 cum
1868 884 2047 960 digni-

56 972 215 1024 tatem
257 965 518 1026 ordinum
565 965 919 1042 dividerent,
964 964 1289 1026 libertatem
1328 967 1387 1026 in
1432 969 1713 1027 communi
1757 969 2046 1048 posuisse.

57 1050 176 1125 quin
208 1060 263 1110 et
292 1067 463 1112 manu
499 1049 754 1110 mittendi
789 1048 930 1110 duas
961 1049 1193 1129 species
1226 1051 1541 1129 institutaS,
1588 1061 1661 1112 ut*
1692 1053 2048 1130 relinquere-

54 1140 134 1191 tur
184 1135 574 1212 paenitentiae
629 1142 723 1194 aut
777 1150 932 1194 novo
983 1133 1271 1193 beneficio
1323 1133 1510 1194 locus.
1601 1135 2119 1221 quqs,vindicta1o

53 1227 315 1294 patronus
355 1237 472 1278 non
502 1217 874 1296 liberaverit,
913 1217 1072 1277 velut
1098 1216 1294 1278 vinclo
1326 1221 1617 1279 servitutis
1648 1220 1895 1280 attineri.
1966 1218 2047 1278 di-

53 1304 298 1378 spiceret
353 1304 595 1380 quisque
653 1303 857 1361 merita
905 1300 1185 1379 tardeque
1250 1303 1601 1362 concederet
1649 1302 1801 1383 quod
1858 1304 2074 1364 datum.

51 1402 156 1444 non
197 1387 564 1446 adimeretur.
649 1385 795 1445 haec
838 1386 1124 1446 sententia
1168 1386 1376 1464 valuit,
1430 1389 1783 1467 scripsitque
1829 1386 2049 1449 Caesar

52 1473 292 1548 senatui,
341 1472 604 1548 privatim
651 1469 1054 1548 expenderent
1089 1487 1319 1530 causam
1366 1470 1733 1549 libertorum,
1781 1474 2049 1551 quotiens
2145 1507 2151 1513 ·

50 1569 76 1610 a
117 1556 374 1632 patronis
416 1563 826 1631 arguerentur:
873 1555 931 1614 in
976 1570 1273 1614 commune
1316 1553 1457 1614 nihil
1501 1555 1893 1634 derogarent.'
1932 1575 2043 1618 nec
2066 1571 2115 1612 15

47 1637 212 1698 multo
264 1647 406 1718 post
453 1647 690 1718 ereptus
736 1639 943 1698 amitae
991 1637 1234 1700 libertus
1276 1638 1438 1699 Paris
1485 1643 1649 1719 quasi
1698 1642 1821 1700 iure
1866 1641 2043 1716 civili,

49 1737 152 1780 non
189 1725 312 1783 sine
345 1722 577 1782 infamia
615 1723 927 1802 principiS‚
976 1723 1136 1782 cuius
1169 1725 1327 1783 iussu
1365 1734 1757 1804 perpetratum
1777 1725 2043 1802 ‚ingenui-

47 1807 168 1864 tatis
197 1806 467 1867 iudicium
498 1815 643 1866 erat.
1043 1865 1048 1868 ,
1185 1871 1188 1876 ,

161 1889 264 1951 28.
305 1891 574 1951 Manebat
619 1890 796 1951 nihilo
842 1892 1026 1951 minus
1069 1891 1351 1968 quaedam
1388 1891 1580 1966 imago
1624 1893 1710 1949 rei
1754 1891 2043 1969 publicae.

45 1987 164 2033 nam
195 1977 346 2034 inter
375 1975 688 2037 Vibullium
721 1985 1054 2053 praetorem
1087 1983 1146 2034 et
1187 1973 1387 2054 plebei
1423 1972 1707 2033 tribunum
1740 1973 2045 2034 Antistium

45 2067 221 2118 ortum
269 2070 595 2136 certamen,
645 2058 802 2138 quod
844 2058 1201 2118 inmodestos
1246 2058 1507 2118 fautores
1548 2057 1888 2117 histrionum
1928 2068 1985 2117 et
2013 2074 2046 2117 a

42 2151 309 2217 praetore
346 2146 404 2202 in
447 2144 641 2203 vincla
683 2143 890 2202 ductos
935 2141 1194 2201 tribunus
1229 2142 1409 2201 omitti
1451 2141 1734 2201 iussisset.
1795 2158 2043 2221 conpro-

41 2220 253 2283 bavere
287 2234 512 2302 patres,
560 2228 818 2285 incusata
847 2225 1080 2284 Antistii
1127 2224 1382 2285 licentia.
1442 2226 1607 2285 simul
1637 2225 1911 2305 prohibiti
1941 2227 2037 2286 tri·
2066 2247 2091 2286 5

41 2300 165 2368 buni
219 2310 310 2366 ius
360 2318 689 2386 praetorum
736 2315 794 2367 et
839 2308 1138 2368 consulum
1174 2311 1512 2389 praeripere
1555 2320 1650 2371 aut
1694 2328 1911 2371 vocare
1970 2330 2045 2371 ex
2087 2346 2091 2349 »

41 2386 195 2452 ltalia
229 2407 358 2451 cum
388 2392 592 2471 quibus
622 2392 758 2469 lege
790 2393 886 2468 agi
919 2401 1140 2470 posset.
1208 2394 1421 2455 addidit
1449 2393 1509 2453 L.
1541 2394 1675 2453 Piso
1708 2394 2045 2472 designatus

43 2475 259 2552 consul,
298 2494 372 2535 ne
405 2476 542 2554 quid
573 2477 719 2535 intra
750 2475 976 2536 domum
1006 2496 1112 2557 pro
1149 2488 1441 2558 potestate
1472 2477 1859 2555 adverterent,
1892 2496 2043 2537 neve

42 2560 262 2619 multam
309 2559 383 2620 ab
429 2561 500 2619 iis
535 2560 744 2620 dictam
777 2570 1122 2638 quaestores
1165 2564 1374 2623 aerarii
1408 2565 1467 2623 in
1510 2561 1775 2642 publicas
1815 2561 2043 2621 tabulas

45 2653 164 2703 ante
203 2653 474 2723 quattuor
519 2662 748 2703 menses
789 2645 1106 2716 referrent;
1150 2646 1342 2707 medio
1390 2648 1669 2726 temporis
1712 2654 1913 2707 contra
1954 2643 2037 2704 di·
2062 2655 2111 2695 10

47 2742 172 2787 cere
205 2728 445 2805 liceret,
477 2726 666 2806 neque
697 2744 770 2786 eo
811 2730 1082 2790 consules
1117 2740 1455 2792 statuerent.
1491 2729 1745 2790 cohibita
1776 2730 1951 2789 artius
1984 2738 2043 2788 et

47 2810 304 2872 aedilium
356 2821 620 2891 potestas
673 2820 1057 2891 statutumque
1120 2824 1387 2894 quantum
1442 2814 1703 2890 curules,
1772 2821 2042 2892 quantum

45 2892 229 2967 plebei
258 2897 522 2981 pignoris
551 2904 832 2974 caperent
857 2896 956 2955 vel
986 2915 1213 2975 poenae
1246 2901 1603 2975 inrogarent.
1662 2906 1721 2957 et
1741 2896 2041 2958 Helvidius

45 2972 266 3039 Priscus
308 2979 568 3040 tribunus
614 2979 813 3059 plebei
863 2980 1140 3041 adversus
1185 2981 1583 3043 Obultronium
1624 2981 1895 3043 Sabinum
1943 2999 2038 3041 ae·

45 3064 171 3121 rarii
212 3072 584 3143 quaestorem
638 3064 1037 3124 contentiones
1091 3066 1362 3144 proprias
1414 3068 1702 3143 exercuit,
1754 3076 2039 3145 tamquam
2060 3078 2111 3120 15

47 3142 128 3202 ius
167 3146 368 3208 hastae
414 3149 696 3210 adversus
743 3150 952 3228 inope‘s
982 3149 1363 3209 inclementer
1393 3158 1657 3228 augeret.
1720 3150 1855 3209 dein
1887 3151 2039 3228 prin-

49 3244 181 3306 ceps
227 3250 420 3293 curam
463 3233 786 3294 tabularum
826 3232 1182 3312 publicarum
1211 3251 1261 3292 -a
1306 3232 1715 3311 quaestoribus
1758 3234 1829 3293 ad
1868 3251 2039 3313 prae-

48 3308 222 3375 fectos
251 3318 556 3378 transtulit.

158 3398 253 3461 29.
300 3402 476 3463 Varie
519 3402 710 3463 habita
755 3421 824 3463 ac
861 3420 1040 3481 saepe
1081 3410 1293 3463 mutata
1341 3403 1463 3462 eius
1506 3403 1593 3461 rei
1634 3403 1837 3465 forma.
1908 3418 2039 3461 nam

49 3474 332 3559 Augustus
376 3488 598 3545 senatui
640 3488 905 3565 permisit
943 3487 1205 3564 deligere
1256 3487 1621 3566 praefectum
1667 3485 1873 3548 deinde
1922 3504 2037 3545 am-
