2475 4000
608 186 817 233 Lmen
844 164 956 235 x'v.
995 145 1144 237 eAP.
1170 178 1330 241 54-
1347 190 1436 243 58.
1718 184 1722 188 ’
1904 182 2026 243 307

154 339 263 400 56.
306 338 467 417 Ergo
502 342 718 399 accitur
747 340 998 419 Natalis,
1040 352 1097 401 et
1130 344 1345 404 diversi
1381 346 1836 423 interrogantur,
1861 346 2025 424 quis·

20 442 158 483 nam
193 424 247 482 is
276 440 497 501 serm0,
544 442 655 503 qua
686 424 756 484 de
802 444 867 483 re
902 388 1123 486 fui’sset.
1182 436 1298 486 tum
1335 438 1538 488 exorta
1582 432 1852 509 suspitia,
1896 432 2026 508 quia

18 526 143 567 non
181 510 565 584 congruentia
604 508 1055 607 responderant,
1096 494 1403 590 inditaque
1420 512 1628 572 vincla.
1689 523 1746 573 et
1777 522 2023 572 tormen-

20 602 221 653 torum
266 600 564 671 aspectum
606 610 675 651 ac
714 594 893 653 minas
939 610 1053 653 non
1093 595 1308 655 tulere.
1357 597 1536 675 prior
1558 605 1746 655 tamen
1785 595 2022 673 Natalis,

20 680 207 737 totius
256 677 700 755 conspirationis
748 678 931 754 magis
964 696 1213 756 gnarus,
1261 679 1424 739 simul
1457 680 1732 757 arguendi
1765 680 2021 757 peritior,
2049 702 2076 740 5

22 761 95 820 de
129 760 353 819 Pisone
389 762 627 837 primum
668 760 911 837 fatetur,
946 762 1154 821 deinde
1192 762 1364 823 adicit
1393 763 1689 823 Annaeum
1719 764 2023 839 Senecam',

20 847 151 903 sive
188 846 573 906 internuntius
604 844 756 906 iuter
784 845 1323 925 eumfisonemque
1356 848 1490 924 fuit,
1531 850 1656 907 sive
1687 857 1748 907 ut
1775 845 2024 905 Neronis

21 930 279 1005 gratiam
309 938 572 1005 pararet,
622 931 717 1006 qui
745 930 1002 989 infensus
1038 931 1300 991 Senecae
1331 949 1530 991 omnes
1565 931 1636 991 ad
1670 950 1796 991 eum
1829 929 2024 1009 oppri-

19 1012 297 1071 mendum
328 1020 481 1072 artes
511 1012 907 1090 conquirebat.
952 1024 1067 1073 tum
1098 1016 1338 1092 cognito
1361 1014 1414 1073 N
1418 1016 1584 1077 atalis
1611 1016 1822 1075 indicio
1847 1014 2022 1073 Scae·

16 1099 190 1155 vinus
228 1111 461 1173 quoque
494 1098 619 1175 pari
649 1096 1053 1174 inbecillitate,
1084 1116 1157 1157 an
1191 1106 1396 1157 cuncta
1428 1100 1538 1159 iam
1574 1098 1864 1178 patefacta
1895 1115 2022 1157 cre·
2043 1120 2090 1159 ιο

20 1181 167 1240 dens
222 1197 337 1237 nec
386 1180 561 1239 ullum
612 1180 823 1239 silentii
866 1181 1330 1260 emolumentum,
1389 1183 1564 1243 edidit
1615 1192 1868 1243 ceteros.
1951 1200 2026 1239 ex

22 1264 241 1343 quibus
282 1263 541 1323 Lucanus
574 1263 1023 1343 Quintianusque
1056 1276 1114 1325 et
1142 1267 1393 1325 Senecio
1428 1267 1528 1326 diu
1559 1266 1845 1326 abnuere:
1890 1274 2024 1343 post

21 1350 318 1429 promissa
349 1348 661 1425 inpunitate
695 1350 973 1429 corrupti,
1010 1367 1124 1427 quo
1153 1350 1478 1409 tarditatem
1508 1358 1871 1426 excusarent,
1916 1349 2021 1409 Lu-

22 1451 209 1493 canus
270 1430 513 1493 Aciliam
570 1440 807 1491 matrem
860 1451 1046 1510 suam,
1113 1434 1450 1509 Quintianus
1495 1434 1723 1495 Glitium
1781 1432 2020 1509 Gallum,

22 1517 286 1576 Senecio
342 1514 586 1575 Annium
629 1515 983 1593 Pollionem,
1040 1518 1350 1603 amicorum
1408 1522 1787 1598 praecipuoS,
1841 1517 2018 1577 nomi·
2041 1538 2090 1578 15

18 1618 265 1660 navere.

150 1686 256 1745 57.
302 1682 495 1761 Atque
534 1684 755 1751 interim
799 1682 958 1745 Nero
1002 1674 1344 1747 recordatus
1387 1688 1615 1747 Volusii
1657 1684 1890 1746 Proculi
1939 1686 2018 1743 in·

20 1769 181 1828 dicio
214 1766 545 1845 Epicharim
576 1769 802 1828 attineri
831 1778 1105 1848 ratusque
1137 1769 1418 1829 muliebre
1457 1787 1673 1848 corpus
1708 1770 1891 1847 impa'r
1920 1768 2019 1827 do·

20 1851 134 1913 lori
178 1852 479 1911 tormentis
519 1852 827 1913 dilacerari
866 1853 1041 1924 iubet.
1122 1862 1180 1912 at
1218 1853 1374 1913 illam
1419 1869 1532 1913 non
1574 1851 1854 1927 verbera,
1907 1868 2019 1910 non

18 1936 229 2013 igneS,
276 1953 389 1995 non
433 1938 517 1996 ira
560 1953 631 1995 eo
678 1940 865 1998 acrius
900 1938 1320 2015 torquentium,
1363 1954 1436 1993 ne
1477 1954 1509 1995 a
1542 1934 1750 1994 femina
1783 1951 2018 2013 sperne·

17 2029 255 2096 rentur,
300 2023 606 2096 pervicere
650 2023 785 2097 quin
812 2021 1043 2081 obiecta
1086 2021 1424 2096 denegaret.
1479 2020 1565 2078 sic
1597 2019 1811 2097 primus
1839 2034 2014 2095 quae·
2043 2036 2068 2074 5

18 2104 234 2164 stionis
286 2102 409 2161 dies
453 2113 833 2181 contemptus.
894 2111 1131 2181 postero
1170 2121 1298 2163 cum
1339 2102 1410 2162 ad
1455 2102 1694 2162 eosdem
1737 2102 2020 2161 cruciatus

16 2183 423 2246 retraheretur
466 2189 785 2263 gestamine
838 2187 1022 2246 sellae
1068 2189 1237 2266 (nam
1281 2187 1575 2247 dissolutis
1623 2185 1893 2246 membris
1942 2187 2018 2244 in-

20 2273 243 2332 sistere
286 2268 623 2348 nequibat),
673 2270 867 2331 vinclo
898 2271 1148 2347 fasciae,
1195 2289 1367 2349 quam
1397 2271 1623 2349 pectori
1668 2269 2018 2345 detraxerat,

20 2356 80 2413 in
128 2351 358 2411 modum
405 2351 595 2430 laquei
638 2352 709 2413 ad
750 2372 943 2413 arcum
974 2353 1156 2414 sellae
1198 2355 1468 2415 restricto
1499 2353 1700 2414 indidit
1731 2355 2019 2412 cervicem

26 2448 85 2498 et
126 2437 397 2515 corporis
441 2436 700 2514 pondere
746 2441 946 2498 conisa
984 2447 1212 2498 tenuem
1253 2441 1364 2498 iam
1405 2441 1663 2518 spiritum
1707 2439 2016 2515 expressit,
2042 2457 2089 2497 ιο

28 2523 282 2582 clariore
314 2520 581 2600 exemplo
612 2520 877 2582 libertina
905 2522 1108 2582 mulier
1136 2523 1193 2581 in
1222 2531 1376 2582 tanta
1406 2523 1756 2581 necessitate
1799 2521 2020 2580 alienos

28 2625 97 2665 ac
132 2621 323 2684 prope
354 2606 589 2681 ignotos
617 2607 1013 2683 protegendo,
1062 2625 1188 2665 cum
1219 2608 1452 2684 ingenui
1483 2615 1541 2665 et
1569 2607 1678 2664 viri
1708 2613 1766 2664 et
1797 2606 2020 2682 equites

26 2691 271 2749 Romani
302 2697 719 2767 senatoresque
743 2691 939 2750 intacti
961 2693 1260 2750 tormentis
1291 2691 1586 2750 carissima
1611 2706 1842 2748 suorum
1871 2688 2019 2766 quis-

32 2792 142 2850 que
176 2773 482 2852 pignorum
514 2773 847 2851 proderent.
910 2791 1023 2833 non
1057 2775 1208 2834 enim
1237 2761 1576 2834 omittebant
1595 2773 1855 2833 Lucanus
1881 2788 2018 2849 quo-

30 2875 140 2934 que
188 2867 245 2916 et
279 2858 529 2917 Senecio
572 2867 631 2917 et
662 2858 996 2933 Quintianus
1027 2861 1243 2937 passim
1277 2859 1546 2919 conscios
1579 2856 1788 2933 edere,
1835 2857 2019 2931 magis
2042 2865 2089 2906 15

27 2944 327 3020 magisque
369 2941 581 3020 pavido
626 2941 890 3020 Nerone,
938 2960 1277 3021 quamquam
1319 2941 1713 3020 multiplicatis
1759 2938 2020 2999 excubiis

21 3033 213 3084 semet
242 3027 583 3104 saepsisset.

149 3109 251 3170 58.
296 3108 446 3184 Quin
480 3118 539 3168 et
577 3109 811 3188 urbem,
856 3128 964 3189 per
996 3109 1322 3208 manipules
1366 3109 1666 3187 occupatis
1700 3106 2019 3182 moenibus,

30 3193 256 3254 insesso
300 3195 468 3257 etiam
497 3195 639 3254 mari
674 3201 732 3253 et
760 3211 958 3270 amne,
1003 3193 1161 3254 velut
1195 3195 1253 3257 in
1288 3192 1604 3253 custodiam
1638 3192 1812 3251 dedit.
1878 3190 2019 3249 voli-

30 3277 337 3357 tabantque
389 3296 497 3358 per
545 3278 704 3354 fora,
766 3297 876 3358 per
917 3239 1155 3354 domos,
1216 3296 1348 3338 rura
1390 3295 1622 3356 quoque
1665 3285 1724 3335 et
1762 3275 2022 3355 proxima

30 3363 463 3440 municipiorum
506 3362 733 3442 pedites
781 3364 1158 3441 equitesque,
1211 3362 1482 3442 permixti
1526 3358 1853 3437 Germanis,
1901 3360 2019 3438 qui-

33 3442 135 3506 bus
177 3445 396 3508 fidebat·
429 3448 703 3527 princeps
734 3449 898 3526 quasi
940 3447 1214 3522 externis.
1279 3445 1710 3590 continua2lgqc
1743 3454 1800 3504 et
1829 3445 2019 3503 vincta
2043 3462 2067 3502 5
