2475 4000
608 156 613 159 ’
712 187 923 233 menn
956 188 1096 234 ΧΠ.
1144 188 1293 235 cAr.
1324 187 1526 241 6—10.
1989 178 2118 239 257

138 354 257 416 pus
304 336 561 414 sinebat,
614 339 829 399 vadere
874 340 930 398 in
981 360 1186 424 mareg
1220 342 1444 419 quidam
1494 360 1688 402 manus
1739 342 2119 421 protendere;

138 420 478 499 questibus,
535 425 717 498 votis,
777 422 1027 483 clamore
1067 424 1296 483 diversa
1345 426 1702 500 rogitantium
1755 435 1850 485 aut
1901 428 2118 487 incerta
2139 446 2165 485 5

134 505 614 583 respondentium
656 508 837 567 omnis
893 523 993 567 ora
1034 508 1343 585 compleri:
1403 506 1652 566 adfluere
1695 510 1897 584 ingens
1941 510 2120 570 multi-

120 587 280 647 ·tudo
315 606 439 648 cum
468 587 798 665 luminibus,
840 599 1009 667 atque
1050 590 1142 651 ubi
1171 589 1513 650 incolumem
1543 596 1674 649 ess'e
1709 596 2019 668 pernotuit,
2061 602 2123 652 ut

134 671 217 731 ad
250 672 587 748 gratandum
630 690 763 732 sese
808 673 1121 752 expedire,
1167 674 1356 733 donec
1387 683 1627 752 aspectu
1659 675 1853 732 armati
1883 684 1939 733 et
1965 678 2119 735 mini-

136 758 315 814 tantis
348 756 591 833 agminis
623 756 845 816 disiecti
876 767 1021 816 sunt.
1080 757 1357 817 Anicetus
1389 757 1580 815 villain
1611 759 1856 816 statione
1887 760 2119 817 circum-

136 839 237 898 dat
267 839 633 918 refractaque
673 840 1089 903 ianua,obvios
1120 858 1420 902 servorum
1454 840 1684 919 abripit,
1722 840 1907 900 donec
1937 841 2004 900 ad
2035 842 2119 899 fo·
2143 865 2192 905 ιο

132 940 239 981 res
275 921 522 981 cubiculi
562 925 815 991 veniret3
868 926 955 985 cui
988 926 1157 1004 pauci
1189 923 1508 1000 adstabant,
1541 925 1755 983 ceteris
1785 933 2010 1001 terrore
2041 925 2119 982 in-

134 1008 517 1083 rumpentium
570 1009 876 1071 exterritis.
950 1008 1211 1068 cubiculo
1257 1007 1538 1067 modicum
1585 1007 1774 1066 lumen
1825 1008 2012 1065 inerat
2067 1015 2124 1065 et

132 1088 473 1149 ancillarum
506 1107 637 1167 una,
667 1093 851 1167 magis
884 1110 951 1151 ac
981 1093 1161 1167 magis
1193 1093 1360 1151 anxia
1389 1090 1708 1169 Agrippina
1726 1135 1743 1166 ,
1779 1089 1929 1167 quod
1955 1106 2121 1148 nemo

134 1191 183 1239 a,
206 1172 327 1231 filio
360 1190 429 1232 ac
460 1191 533 1231 ne
564 1174 851 1250 Agerinus
882 1176 1138 1252 quidem:
1187 1172 1352 1234 aliam
1381 1174 1508 1232 fore
1538 1174 1726 1233 laetae
1767 1174 1851 1232 rei
1887 1173 2120 1241 faciem;

134 1274 294 1317 nunc
325 1255 683 1315 solitudinem
727 1276 797 1317 ac
842 1260 1176 1337 repentinos
1211 1259 1487 1335 strepitus
1521 1266 1578 1315 et
1604 1258 1846 1316 extremi
1879 1256 2010 1315 mali
2042 1257 2192 1317 in-15

135 1340 313 1399 dicia.
378 1338 622 1398 abeunte
667 1340 874 1419 dehinc
914 1341 1121 1401 ancilla
1163 1336 1260 1399 ‘'tu
1301 1358 1532 1419 quoque
1563 1358 1652 1399 me
1688 1340 1946 1399 deseris'
1991 1356 2122 1417 pro-

133 1424 335 1483 locuta
357 1424 595 1499 respicit
618 1424 939 1501 Anicetum,
968 1424 1288 1484 trierarcho
1312 1424 1620 1483 Herculeio
1647 1433 1703 1483 et
1726 1422 1960 1482 Obarito
1987 1440 2122 1481 oen-

133 1506 369 1565 turione
400 1506 698 1565 classiario
731 1510 1073 1584 comitatum,
1104 1526 1195 1585 ac,
1228 1510 1278 1567 si
1303 1508 1379 1567 ad
1411 1507 1702 1567 visendum
1730 1508 2006 1583 venisset,
2031 1512 2120 1564 re·

133 1590 319 1648 fotam
364 1590 676 1649 nuntiaret:
724 1592 818 1649 sin*
839 1590 1059 1651 facinus
1086 1600 1438 1671 patraturus,
1479 1590 1616 1650 nihil
1647 1609 1711 1650 se
1744 1590 1818 1649 de
1848 1590 1964 1649 filio
1997 1606 2120 1648 cre-

130 1673 309 1741 dere;
342 1689 459 1732 non
477 1674 821 1751 imperatum
849 1676 1229 1753 parricidium.
1292 1676 1710 1735 circumsistunt
1737 1674 1947 1733 lectum
1989 1689 2120 1749 per·
2141 1690 2192 1731 2c

132 1773 415 1815 cussores
456 1766 515 1822 et
550 1760 708 1835 prior
735 1758 1083 1818 trierarchus
1111 1759 1248 1819 fusti
1279 1761 1606 1837 caput-eius
1638 1757 1870 1817 adflixit.
1927 1750 2122 1814 iamin

130 1849 380 1899 mortem
442 1842 759 1900 centurioni
810 1840 1023 1901 ferrum
1076 1842 1452 1919 destringenti
1503 1840 1852 1919 protendens
1905 1848 2122 1897 uterum

134 1926 155 1956 ³
174 1932 437 1982 ventrem
467 1924 613 1983 feri'
645 1923 989 1991 exclamavit
1020 1926 1324 2004 multisque
1352 1920 1682 1982 vulneribus
1716 1921 1980 1981 confecta
2013 1929 2118 1979 est.

264 2007 324 2066 9.
384 2007 543 2066 Haec
588 2026 875 2068 consensu
916 2011 1250 2088 produntur.
1313 2006 1682 2084 aspexeritne
1731 2013 1967 2078 matrem
2021 2021 2119 2062 ex·

132 2092 380 2150 animem
419 2089 579 2149 Nero
620 2100 678 2150 et
717 2093 958 2151 formam
994 2093 1259 2171 corporis
1297 2093 1425 2168 eius
1469 2084 1812 2162 laudaverit,
1858 2094 1986 2144 sunt
2025 2088 2120 2162 qui

132 2172 494 2247 tradiderint,
516 2179 657 2232 ”sunt
684 2176 779 2252 qui
811 2174 1077 2234 abnuant.
1138 2182 1388 2233 cremata
1421 2181 1508 2232 est
1549 2179 1721 2240 nocte
1754 2169 1953 2229 eadem
1986 2184 2118 2227 con-

133 2251 317 2313 vivali
348 2253 502 2313 lecto
533 2265 591 2314 et
622 2258 917 2334 exsequiis
942 2258 1180 2326 vilibus3
1218 2274 1424 2335 neque,
1455 2255 1583 2314 dum
1609 2253 1766 2312 Nero
1795 2271 1983 2312 rerum
2017 2269 2117 2330 po-

132 2335 407 2413 tiebatur,
438 2338 715 2414 congesta
744 2348 837 2398 aut
861 2340 1055 2400 clausa
1086 2339 1306 2399 humus.
1361 2356 1495 2398 mox
1518 2337 1957 2398 domesticorum
1983 2353 2118 2396 eura
2143 2361 2166 2399 ⁵

136 2422 335 2480 levem
368 2420 637 2480 tumulum
680 2426 936 2502 accepit,
981 2425 1128 2483 viam
1158 2423 1359 2484 Miseni
1391 2430 1630 2500 propter
1667 2430 1726 2480 et
1755 2420 1944 2497 villam
1973 2419 2116 2479 Cae-

134 2503 288 2564 saris
331 2503 656 2579 dictatoris,
700 2523 845 2582 quae
887 2506 1181 2567 subiectos
1224 2509 1380 2565 sinus
1421 2504 1729 2566 editissima
1762 2509 2116 2580 prospectat.

138 2605 395 2648 accenso
425 2605 575 2664 rogo
605 2587 845 2648 libertus
874 2592 997 2650 eins
1031 2597 1413 2669 cognomento
1442 2588 1697 2648 Mnester
1722 2589 1850 2665 ipse
1872 2603 1941 2644 se
1959 2586 2118 2644 ferro

132 2673 437 2748 transegit,
468 2672 742 2731 incertum
776 2676 1011 2733 caritate
1040 2676 1095 2733 in
1129 2681 1427 2752 patronam
1451 2690 1519 2731 an
1550 2679 1701 2730 metu
1725 2670 1902 2728 exitii.
1968 2667 2117 2727 hunc

134 2756 226 2813 sui
258 2755 426 2814 linem
454 2751 661 2814 multos
691 2765 821 2815 ante
848 2775 1024 2817 annos
1056 2755 1377 2816 crediderat
1396 2754 1720 2832 Agrippina
1750 2761 2109 2829 contempse·
2137 2770 2186 2809 10

132 2846 361 2914 ratque.
406 2856 534 2897 nam
568 2839 892 2899 consulenti
927 2858 1102 2919 super
1128 2839 1359 2898 Nerone
1391 2837 1812 2917 responderant
1841 2834 2115 2895 Chaldaei

132 2919 268 2978 fore
302 2930 359 2980 ut
388 2924 699 2999 imperaret
738 2932 1087 3001 matremque
1118 2921 1442 2992 occideret;
1488 2931 1659 3000 atque
1697 2920 1793 2980 illa
1837 2917 2112 2978 ‘occidat’

133 3005 336 3081 inquit,
372 3004 523 3063 ‘dum
551 3007 836 3084 imperet?

260 3088 354 3147 10.
399 3088 515 3147 Sed
568 3107 599 3148 a
644 3087 895 3148 Caesare
944 3089 1206 3168 perfecto
1249 3088 1470 3148 demum
1513 3088 1740 3148 scelere
1785 3084 2113 3162 magnitudo

136 3171 261 3228 eius
288 3172 585 3231 intellecta
616 3181 723 3232 est.
782 3173 1004 3251 reliquo
1028 3175 1215 3231 noctis
1238 3172 1407 3232 modo
1431 3190 1537 3251 per
1561 3169 1843 3231 silentium
1869 3169 2110 3244 defixus,

136 3255 371 3331 saepius
418 3273 639 3334 pavore
670 3273 991 3333 exsurgens
1038 3264 1097 3313 et
1138 3256 1344 3314 mentis
1385 3258 1556 3334 inops
1607 3253 2111 3332 lucem'opperie-

139 3333 305 3396 batur
337 3347 618 3416 tamquam
650 3341 879 3398 exitium
914 3340 1244 3398 adlaturam.
1305 3349 1478 3418 atque
1509 3355 1636 3397 eum
1666 3347 1900 3397 auctore
1929 3334 2112 3395 Burro

25 3439 27 3446 ·
68 3415 73 3420 ’
140 3420 319 3494 prima
351 3425 738 3484 centurionum
772 3422 1237 3501 tribunorumque
1269 3421 1514 3482 adulatio
1544 3421 1617 3481 ad
1647 3439 1810 3499 spem
1845 3420 2107 3495 firmavit,
2133 3441 2158 3478 5

223 3523 396 3561 ‘mern
438 3525 579 3564 PARS
622 3527 660 3565 1.
1720 3507 1796 3564 17
