2475 4000
288 183 413 246 220
504 185 510 206 “
830 191 1163 272 connecti
1192 193 1433 241 mom
1461 167 1827 244 Ammon

220 373 269 413 10
287 350 465 411 ternis
500 335 829 408 meruerant
870 355 967 408 aut
1006 347 1161 409 domi
1210 349 1494 409 seditione
1535 349 1930 428 ⁴deliquerant3
1990 349 2292 410 tributum-

284 451 399 512 que
427 430 854 511 Apamensibus
886 441 1078 494 terrae
1106 441 1264 492 motu
1301 433 1596 494 convolsis
1633 435 1690 492 in
1719 434 2169 514 quinquennium
2197 453 2292 494 re-

286 533 535 576 missum.
802 565 811 581 ,
1301 563 1308 568 .

409 602 509 662 59.
561 600 640 660 At
670 599 943 661 Claudius
974 601 1310 661 saevissima
1341 619 1606 678 quaeque
1642 602 1914 679 promere
1945 601 2296 679 adigebatur

190 699 195 705 ’
286 683 539 746 eiusdem
561 684 926 765 Agrippinae
966 684 1213 762 artibus,
1271 703 1417 764 quae
1465 685 1743 744 Statilium
1781 685 2030 746 Taurum
2076 685 2296 765 opibus

284 768 605 830 inlustrem
639 769 825 830 hortis
872 770 995 828 eius
1035 767 1258 828 inhians
1301 771 1582 846 pervertit
1631 779 1938 829 accusante
1988 770 2294 848 Tarquitio

286 853 508 914 Prisco.
570 853 801 930 legatus
846 853 899 911 is
941 852 1112 913 Tauri
1154 851 1412 913 Africam
1455 853 1698 932 imperio
1747 854 2156 933 proconsulari
2181 873 2290 935 ‘re-

239 963 263 1002 5
285 939 510 1015 gentis,
558 945 864 1017 postquam
892 945 1273 1013 revenerunt,
1324 954 1508 1016 pauca
1545 937 1996 1016 repetundarum
2027 940 2292 1014 crimina,

274 1031 539 1083 ‘ceterum
583 1022 841 1097 magicas
888 1022 1328 1101 superstitiones
1373 1019 1721 1081 obiectabat.
1782 1039 1893 1082 nec
1935 1022 2036 1082 ille
2077 1021 2296 1082 diutius

284 1107 490 1167 falsum
532 1113 963 1182 accusatorem,
1020 1105 1288 1181 indignas
1333 1104 1544 1164 sordes
1582 1123 1932 1184 perpessus,
1977 1107 2092 1166 vim
2131 1109 2294 1166 vitae

286 1209 423 1251 suae
464 1189 651 1250 attulit
688 1198 820 1249 ante
864 1191 1201 1250 sententiam
1229 1199 1481 1250 senatus.
1547 1189 1890 1267 Tarquitius—
1903 1199 2091 1250 tamen
2123 1191 2290 1249 curia
2385 1267 2391 1270 ῃ

286 1284 527 1342 exactus
558 1283 664 1352 est,
696 1273 853 1352 quod
876 1283 1072 1352 patres
1096 1273 1229 1334 odio
1255 1274 1528 1335 delatoris
1551 1282 1752 1333 contra
1777 1273 2042 1334 ambitum
2065 1273 2284 1352 Agrip-

217 1379 267 1420 10
290 1361 459 1438 pinae
489 1360 815 1436 pervicere.
1958 1394 1969 1403 >-

412 1441 514 1504 60.
564 1439 789 1501 Eodem
830 1457 979 1501 anno
1032 1442 1268 1520 saepius
1318 1441 1506 1501 audita
1555 1458 1669 1501 vox
1716 1441 2030 1526 principis,
2082 1459 2294 1520 parem

284 1527 397 1585 vim
440 1541 633 1588 rerum
672 1523 993 1584 habendam
1038 1542 1075 1584 a
1118 1527 1594 1602 procuratoribus
1640 1527 1760 1584 suis
1803 1526 2182 1586 iudicatarum
2217 1545 2297 1602 ac

286 1611 336 1668 si
362 1611 493 1688 ipse
522 1608 834 1668 statuisset.
890 1625 963 1674 ac
992 1625 1067 1666 ne
1092 1608 1330 1668 fortuito
1359 1609 1668 1688 prolapsus
1697 1610 2020 1684 videretur,
2055 1619 2296 1670 senatus
2383 1671 2400 1684 ,

288 1711 517 1772 quoque
552 1691 819 1752 consulto
850 1700 1077 1752 cautum
1106 1691 1334 1770 plenius
1364 1710 1532 1771 quam
1562 1703 1730 1753 autea
1761 1703 1818 1752 et
1843 1693 2097 1754 uberius.
2158 1711 2296 1754 nam

242 1797 267 1836 5
292 1777 455 1836 divus
492 1775 984 1856 Augustus'apud
1022 1783 1358 1854 equestres,
1400 1779 1495 1854 qui
1537 1777 1816 1858 Aegypto
1862 1777 2297 1859 praesiderent,

286 1861 423 1952 lege
475 1863 572 1938 agi
612 1860 962 1938 decretaque
986 1864 1204 1921 ‘eorum
1238 1861 1482 1939 perinde
1537 1861 1738 1922 haberi
1787 1864 2062 1939 iusserat,
2121 1880 2194 1922 ac
2244 1863 2300 1921 si

285 1945 651 2023 magistratus
677 1945 925 2007 Romani
956 1945 1416 2016 constituissent;
1464 1962 1600 2006 mox
1631 1947 1774 2007 alias
1804 1964 1912 2025 per
1951 1948 2296 2027 provincias

288 2032 435 2092 etin
472 2030 615 2091 urb'e
650 2030 938 2109 pleraque
981 2048 1263 2091 concessa
1307 2040 1467 2109 sunt,
1510 2048 1660 2109 quae
1689 2031 1826 2092 oliui
1857 2049 1889 2092 a
1915 2030 2296 2111 praetoribus

286 2114 695 2175 noscebantur.
776 2112 1048 2174 Claudius
1079 2133 1248 2175 omne
1277 2116 1364 2173 ius
1393 2115 1654 2192 tradidit,
1699 2115 1775 2175 de
1805 2133 1920 2193 quo
1947 2117 2169 2175 totiens
2201 2134 2294 2175 se-

218 2198 507 2259 inditione
556 2206 653 2258 aut
700 2200 871 2258 armis
922 2208 1231 2277 certatum,
1290 2217 1418 2258 cum
1473 2200 1833 2277 Semproniis
1885 2200 2296 2276 rogationibus

288 2290 564 2361 equester
600 2281 745 2341 ordo
776 2284 833 2341 in
866 2280 1244 2361 possessione
1287 2284 1624 2344 iudiciorum
1653 2284 1980 2360 locaretur,
2023 2292 2142 2362 aut·
2164 2301 2290 2343 rur-

288 2384 411 2427 sum
440 2366 725 2427 Serviliae
765 2366 934 2444 leges
964 2369 1183 2427 senatui
1222 2367 1428 2429 iudicia
1475 2368 1817 2443 redderent,
1861 2367 2196 2447 Mariusque
2230 2374 2288 2425 et

289 2449 451 2511 Sulla
484 2451 619 2511 olim
657 2450 728 2511 de
759 2468 833 2511 eo
861 2450 958 2510 vel
993 2452 1310 2529 praecipue
1348 2450 1652 2512 bellarent.
1729 2451 1830 2511 sed
1860 2459 1993 2511 tunc
2025 2452 2282 2512 ordinum
2391 2511 2401 2524 ,

288 2534 519 2595 diversa
549 2535 765 2611 studia,
796 2544 855 2595 et
882 2552 1029 2613 quae
1060 2536 1323 2594 vicerant
1352 2535 1588 2613 publice
1617 2534 1905 2596 valebant.
1969 2534 2036 2596 G.
2063 2535 2284 2615 Oppius

220 2634 269 2675 15
287 2618 345 2679 et
376 2618 684 2680 Cornelius
720 2618 935 2679 Balbus
967 2620 1131 2695 primi
1166 2616 1436 2679 Caesaris
1467 2620 1676 2699 opibus
1713 2628 1962 2699 potuere
1993 2616 2282 2680 condicio-

285 2717 391 2763 nes
422 2705 586 2781 pacis
616 2714 676 2764 ct
702 2702 935 2764 arbitria
961 2701 1102 2761 belli
1131 2710 1400 2763 tractare.
1458 2704 1667 2765 Matios
1701 2702 1947 2783 posthac
1978 2714 2037 2765 et
2065 2702 2290 2765 Vedios

288 2796 349 2846 et
402 2796 599 2848 cetera
649 2789 901 2865 equitum
941 2785 1331 2846 Romanorum
1387 2788 1723 2867 praevalida
1779 2790 2010 2848 nomina
2060 2789 2292 2848 referre

271 2870 428 2931 *nihil
474 2872 795 2946 attinuerit,
850 2886 979 2928 cum
1021 2868 1294 2931 Claudius
1331 2870 1608 2951 libertos,
1676 2868 1825 2951 q'uos
1882 2873 1968 2931 rei
2019 2872 2295 2934 familiari

288 2953 687 3033 praefecerat,
720 2952 947 3031 sibique
977 2961 1035 3013 et
1066 2953 1294 3031 legibus
1323 2955 1754 3035 adaequaverit.
2003 2982 2015 2991 ·

412 3040 523 3101 61.·
558 3038 801 3100 Rettulit
848 3036 978 3095 dein
1028 3038 1101 3097 de
1141 3040 1470 3100 inmunitate
1514 3030 1656 3101 Gois'
1693 3039 2031 3113 tribuenda,
2087 3040 2297 3099 multa-

288 3140 399 3201 que
430 3142 608 3202 super
636 3122 971 3199 antiquitate
1001 3140 1198 3182 eorum
1230 3127 1602 3185 memoravit:
1645 3124 1905 3202 Argivos
1937 3122 2033 3183 vel
2070 3122 2300 3183 Coeum

284 3205 537 3268 Latonae
579 3214 879 3285 parentem
916 3208 1340 3268 vetustissimos
1387 3208 1608 3268 insulae
1665 3209 1952 3277 cultores;
2007 3224 2149 3267 mox
2198 3207 2300 3267 ad-

286 3300 459 3351 ventu
508 3290 849 3368 Aesculapii
898 3298 1077 3351 artem
1130 3292 1396 3351 medendi
1449 3292 1680 3352 inlatam
1727 3289 2090 3369 maximeque
2143 3292 2303 3351 inter

242 3381 562 3452 sposteros
602 3376 727 3433 eius
775 3374 1069 3438 celebrem
1111 3375 1322 3453 fuisse,
1364 3378 1593 3437 nomina
1636 3377 1994 3454 singulorum
2025 3376 2304 3436 referens

286 3464 347 3516 et
376 3457 585 3535 quibus
616 3460 857 3539 quisque
894 3456 1177 3521 aetatibus
1202 3452 1547 3536 viguissent.
1619 3460 1754 3539 quin
1789 3461 1957 3520 etiam
1989 3459 2133 3519 dixit
2173 3458 2301 3519 Xe·
