2475 4000
724 208 935 258 unna
956 209 1083 257 xn.
1118 192 1268 256 oAP.
1297 206 1540 260 53-—58-
1937 255 1944 262 ,
2044 194 2166 256 219

308 363 406 422 56.
464 361 583 422 Sub
622 361 775 422 idem
816 370 1041 440 tempus
1076 365 1248 421 ‘inter
1288 361 1472 422 lacum
1513 363 1788 424 Fucinum
1833 363 2168 439 amnemque

190 447 351 507 Lirim
386 454 673 525 perrupto
717 455 944 521 monte,
986 463 1101 524 quo
1142 445 1568 522 magnificentia
1609 448 1806 524 operis
1847 464 1880 506 a
1911 444 2170 524 pluribus

187 533 507 608 viseretur,
544 528 673 588 lacu
714 530 772 588 in
804 531 934 608 ipso
964 529 1170 589 navale
1203 527 1487 605 proelium
1515 528 1855 604 adornatur,
1898 539 1957 588 ut
1987 547 2169 607 qnon-

180 615 304 674 dam
334 613 635 689 Augustus
664 620 881 674 structo
922 612 1081 673 trans
1114 611 1366 672 Tiberim
1395 614 1637 689 stagno,
1683 613 1788 671 sed
1817 611 2042 672 levibus
2074 631 2168 673 na-

182 697 351 774 vigiis
391 706 453 756 et
476 697 697 755 minore
740 697 911 774 copia
940 696 1219 756 ediderat.
1285 695 1556 756 Claudius
1583 697 1848 755 triremes
1878 695 2170 774 quadrire·
2195 721 2220 760 5
2265 714 2268 725 ¹
2298 739 2322 758 -,

174 798 415 858 mesque
446 788 507 838 et
536 779 888 856 undeviginti
922 779 1207 840 hominnm
1234 779 1390 839 milia
1425 782 1694 856 armavit,
1735 781 1924 838 cincto
1956 779 2170 839 ratibus

174 864 420 941 ambitu,
470 881 544 922 ne
578 880 727 939 vaga
759 863 971 939 effugia
999 864 1225 940 forent,
1269 881 1339 922 ac
1379 872 1565 922 tamen
1593 864 1842 942 spatium
1871 861 2170 940 amplexus

146 949 245 1020 ,ad
277 949 393 1007 vim
423 947 680 1024 remigii,
712 945 1149 1022 gubernantium
1175 956 1353 1022 artes,
1385 949 1630 1025 impetus
1660 947 1886 1007 navium
1913 955 1971 1007 et
2000 962 2168 1023 proe-

174 1033 251 1096 lio
296 1031 489 1092 solita.
575 1032 633 1089 in
671 1030 888 1094 ratibus
930 1032 1343 1108 praetoriarum
1381 1027 1706 1112 cohortium
1745 1028 2014 1108 manipuli
2057 1039 2170 1088 tnr-

176 1133 421 1193 maeque
448 1115 815 1190 adstiterunt,
852 1115 1195 1191 antepositis
1228 1115 1714 1193 propugnaculis,
1753 1133 1829 1173 ex
1861 1114 1986 1190 quis
2019 1121 2170 1172 cata·
2194 1136 2242 1176 ιο

176 1201 371 1279 pultae
400 1198 781 1275 ballistaeque
808 1197 1197 1258 tenderentur.
1253 1197 1478 1274 reliqua
1505 1197 1975 1258 lacus-classiarii
2002 1197 2218 1274 tectis4

176 1282 419 1344 navibus
450 1281 803 1342 obtinebant.
870 1284 1027 1359 ripas
1058 1288 1117 1339 et
1154 1280 1340 1340 colles
1368 1283 1756 1360 montiumque
1786 1280 1937 1342 edita
1964 1282 2022 1340 in
2051 1297 2170 1340 mo-

177 1369 304 1428 dum
341 1362 557 1426 theatri
580 1364 876 1424 multitudo
906 1366 1207 1426 innumera
1238 1364 1582 1444 complevit,
1615 1366 1892 1445 proximis
1933 1384 1966 1424 e
1989 1365 2172 1439 ¹muni·

172 1452 343 1530 pipiis
368 1457 431 1508 et
460 1449 565 1508 alii·
584 1447 727 1508 urhe
751 1451 826 1508 ex
854 1450 1015 1526 ipsa,
1048 1447 1271 1508 visendi
1295 1449 1566 1527 cupidine
1593 1458 1688 1510 aut
1717 1450 1913 1512 officio
1936 1449 1994 1507 in
2019 1448 2172 1526 prin-

176 1538 391 1613 cipem.
460 1534 588 1612 ipse
629 1533 835 1609 insigni
873 1531 1312 1610 paludamento,
1367 1550 1559 1611 neque
1603 1533 1806 1612 procul
1851 1532 2174 1610 Agrippina
2196 1551 2244 1590 15

176 1616 480 1693 chlamyde
532 1625 763 1692 aurata,
822 1615 1198 1694 praesedere.
1277 1625 1590 1694 pugnatum
1644 1634 1978 1696 quamquam
2026 1617 2174 1701 inter

174 1710 374 1764 sontes
402 1700 631 1760 fortium
667 1700 920 1764 virorum
956 1700 1176 1776 anime,
1222 1718 1292 1760 ac
1319 1710 1456 1783 post
1486 1701 1718 1761 multum
1748 1700 2056 1761 vulnerum
2075 1690 2174 1759 o'c-

144 1840 149 1852 ,
176 1785 387 1846 cidioni
424 1785 675 1860 exempti
708 1792 855 1843 sunt.

297 1869 402 1928 57
450 1867 569 1941 Sed
611 1867 876 1944 perfecto
924 1867 1264 1946 spectaculo
1307 1875 1569 1944 apertum
1601 1885 1870 1944 aquarum
1897 1869 2025 1926 iter.
2093 1867 2176 1925 in-

174 1954 333 2015 curia
366 1952 567 2031 operis
594 1950 893 2012 manifesta
922 1951 1061 2029 fuit,
1102 1949 1253 2012 haud
1297 1951 1436 2009 satis
1467 1948 1734 2027 depressi
1763 1948 1835 2009 ad
1877 1949 2084 2011 lacus
2067 1967 2178 2009 lma

172 2038 267 2099 vel
302 2035 513 2097 media
573 2051 795 2113 eoque,
831 2044 1114 2116 tempore
1127 2034 1464 2110 interiecto,
1511 2032 1676 2093 altius
1709 2033 1910 2093 effossi
1941 2050 2177 2109 specus,

176 2132 232 2181 et
262 2116 695 2180 contrahendae
733 2136 935 2178 rursus
971 2117 1312 2180 multitudini
1358 2114 1738 2193 gladiatorum
1783 2114 2196 2214 spectaculum

174 2205 396 2303 editur,
434 2202 625 2261 inditis
663 2202 935 2281 pontibus
977 2201 1310 2280 pedestrem
1351 2200 1424 2259 ad
1454 2216 1722 2277 pugnam.
1785 2201 1919 2278 quin
1947 2208 2006 2258 et
2040 2215 2174 2257 con·
2199 2218 2224 2257 5

172 2290 393 2348 vivinm
440 2286 675 2345 effluvio
730 2286 893 2345 lacus
935 2285 1260 2365 adpositum
1304 2300 1536 2359 magna
1573 2284 1880 2344 formidine
1939 2291 2180 2343 cunctos

174 2372 424 2446 adfecit,
468 2372 611 2448 quia
662 2372 751 2429 vis
808 2376 1081 2448 aquarum
1138 2384 1526 2447 prorumpens
1580 2369 1842 2445 proxima
1894 2366 2178 2441 trahebat,

174 2454 479 2516 convulsis
525 2453 897 2513 ulterioribus
928 2463 1023 2513 aut
1060 2454 1300 2529 fragore
1332 2459 1392 2511 et
1431 2452 1622 2511 sonitu
1651 2452 1958 2511 exterritis.
2019 2449 2181 2509 simul

174 2537 509 2617 Agrippina
537 2536 921 2615 trepidatione
944 2537 1223 2616 principis
1251 2554 1368 2601 usa·
1384 2536 1700 2598 ministrum
1732 2529 1932 2612 operis
1951 2532 2180 2593 Narcis-

175 2642 301 2682 sum
321 2624 557 2681 incusat
590 2620 873 2699 cupidinis
917 2640 987 2681 ac
1016 2620 1377 2699 praedarum.
1451 2638 1560 2680 nec
1606 2618 1707 2679 ille
1734 2618 1973 2692 reticet,
2015 2617 2178 2693 inpo-
2201 2642 2250 2682 10

173 2707 411 2767 tentiam
443 2703 779 2764 muliebrem
814 2706 1127 2782 nimiasque
1159 2720 1300 2782 spes
1331 2702 1458 2762 eius
1487 2720 1760 2779 arguens.

300 2787 405 2850 58.
449 2786 533 2845 D..
551 2786 711 2847 Iunio
748 2789 819 2863 Q.
848 2788 1085 2847 Haterio
1128 2785 1460 2856 consulibus
1501 2786 1764 2847 sedecim
1806 2801 1990 2859 annos
2017 2791 2184 2843 natus

173 2873 339 2933 Nero
374 2870 672 2931 Octaviam
708 2869 979 2932 Caesaris
1018 2871 1193 2930 filiam
1232 2872 1293 2930 in
1329 2866 1748 2941 matrimonium
1787 2867 2036 2945 accepit.
2099 2875 2184 2925 ut-

178 2975 291 3035 que
322 2954 524 3015 studiis
566 2955 827 3015 honestis
860 2960 921 3015 ei
948 2953 1319 3032 eloquentiae
1348 2954 1542 3031 gloria
1582 2956 1964 3027 enitesceret,
2010 2966 2184 3009 causa

176 3040 475 3100 Iliensium
516 3048 789 3117 suscepta
817 3039 1134 3100 Romanum
1170 3037 1343 3097 Troia
1383 3037 1690 3097 demissum
1733 3045 1792 3095 et
1831 2996 2012 3095 Iuliae
2055 3035 2181 3093 stir-

180 3126 270 3203 pis
304 3132 607 3185 auctorem
634 3122 894 3182 Aeneam
928 3120 1169 3199 aliaque
1199 3119 1350 3180 haud
1397 3119 1604 3197 procul
1632 3120 1842 3181 fabulis
1878 3118 2066 3198 [vera]
2099 3116 2182 3176 fa·
2203 3140 2228 3179 5

182 3207 367 3267 eunde
410 3215 721 3277 exsecutus
762 3212 1061 3287 perpetrat
1098 3212 1161 3261 ut
1190 3202 1436 3263 Ilienses
1475 3204 1628 3262 omni
1669 3202 1906 3281 publico
1949 3217 2184 3261 munere

180 3290 565 3351 solverentur.
648 3290 855 3351 eodem
897 3298 1128 3351 oratore
1168 3287 1519 3345 Bononiensi
1562 3286 1830 3345 coloniae
1847 3286 1989 3363 igni
2028 3285 2163 3344 hau·

180 3384 301 3435 stae
330 3374 673 3436 'subventum
714 3374 971 3433 centiens
1012 3371 1263 3430 sestertii
1306 3369 1634 3446 largitione.
1720 3346 1978 3429 redditur
2028 3368 2186 3450 Rho

180 3457 284 3519 diis
341 3457 614 3534 libertas,
668 3456 935 3537 adempta
984 3472 1163 3533 saepe
1208 3462 1306 3514 aut
1347 3453 1593 3531 firmata,
1641 3462 1814 3533 prout
1860 3453 2044 3514 bellis
2084 3470 2184 3517 ex·
