2475 4000
589 257 596 276 ·
669 255 880 306 meua
907 258 1031 306 ΧΠ.
1077 257 1227 306 car.
1265 258 1501 313 12—17.
1692 221 1699 230 ⁴
1964 252 2086 322 203

73 418 436 474 moraretur:
484 411 650 471 brevi
679 419 737 471 et
766 411 1025 488 inglorio
1050 414 1297 492 imperio
1343 415 1677 492 perfunctus
1710 427 1829 496 est,
1869 437 2093 499 resque

75 477 426 558 Parthorum
457 498 516 555 in
545 495 719 555 filium
751 495 874 554 eius
901 496 1246 574 Vologesen
1277 499 1608 560 translatae.

210 581 310 640 15.
353 579 432 638 At
447 579 805 641 Mithridates
822 578 1198 659 Bosporanus
1218 584 1447 642 amissis
1468 582 1678 660 opibus
1697 603 1898 664 vagus,
1924 599 2082 666 post?

79 682 258 743 quam
305 663 535 724 Didium
586 663 789 724 ducem
840 665 1159 729 Romanum
1208 665 1505 745 roburque
1552 670 1844 728 exercitus
1892 671 2082 734 abisse

77 757 482 826 cognoverat,
530 749 770 808 relictos
815 750 872 808 in
903 767 1060 810 novo
1103 767 1289 828 regno
1322 749 1511 826 Cotyn
1543 753 1771 814 iuventa
1800 754 1997 814 rudem
2027 765 2085 815 et

71 850 302 913 paucas
335 832 653 893 cohortium
696 850 820 892 cum
851 831 996 894 Iulio
1040 834 1255 912 Aquila
1298 837 1492 914 equite
1531 837 1825 914 Romano,
1872 840 2085 917 spretis

71 919 343 995 utrisque
375 918 612 977 concire
641 918 1218 992 nationes‚.inlicere⁴
1241 920 1551 998 perfugam
1588 930 1883 1000 postremo
1916 940 2081 982 exer·
2104 949 2129 988 5

75 1004 199 1062 citu
242 1009 450 1061 coacto
493 1018 695 1077 regem
737 1001 1186 1062 Dandaridarum
1239 1003 1507 1064 exturbat
1555 1006 1917 1084 imperioque
1962 1007 2085 1066 eius
2179 1039 2189 1050 ι

70 1086 320 1166 potitur.
401 1103 548 1163 quae
593 1084 691 1144 ubi
736 1087 970 1162 cognita
1008 1096 1068 1147 et
1105 1090 1212 1148 iam
1246 1087 1472 1166 iamque
1508 1088 1828 1167 Bosporum
1861 1092 2084 1150 invasu-

65 1189 178 1232 rus
210 1168 565 1247 habebatur,
609 1168 782 1229 diffisi
812 1165 1068 1249 propriis
1100 1171 1320 1231 viribus
1350 1173 1566 1250 Aquila
1596 1181 1657 1232 et
1690 1170 1906 1250 Cotys,
1953 1175 2085 1253 quia

65 1255 358 1316 Zorsines
383 1253 712 1315 Siracorum
741 1272 848 1313 rex
875 1253 1106 1316 hostilia
1130 1264 1861 1337 resumpserat,·extern‘as
1886 1267 1944 1318 et
1972 1260 2085 1336 ipsi

65 1339 302 1417 gratias
337 1339 681 1417 quaesivere
708 1338 898 1397 missis
928 1338 1142 1415 legatis
1171 1339 1240 1400 ad
1274 1340 1591 1417 Eunonen,
1634 1342 1731 1420 qui
1760 1341 2082 1402 Aorsorum
2101 1361 2153 1402 10

65 1423 240 1502 genti
271 1421 686 1500 praecellebat.
756 1439 867 1482 nec
901 1421 1008 1482 fuit
1035 1423 1092 1481 in
1119 1422 1298 1484 arduo
1332 1424 1585 1486 societas
1623 1426 1935 1505 potentiam
1962 1426 2080 1488 Ro-

63 1525 302 1568 manam
345 1505 624 1568 adversus
672 1505 955 1566 rebellem
983 1506 1348 1569 Mithridaten
1389 1508 1829 1570 ostentantibus.
1909 1511 2084 1588 igitur

63 1591 399 1735 gepigfire,
435 1589 802 1688 equestribus
828 1591 1068 1734 prtoeliis
1097 1591 1372 1654 Eunones
1404 1601 1686 1671 certaret,
1736 1593 1960 1655 obsidia
1990 1613 2081 1653 ur-

105 1694 231 1736 ium
315 1693 503 1736 omani
531 1693 600 1735 ca
647 1693 887 1735 esseren
913 1718 928 1733 .

210 1759 306 1820 16.
353 1759 514 1820 Tunc
557 1695 884 1839 cgmposito
927 1761 1154 1837 agmine
1196 1760 1498 1839 incedunt,
1546 1762 1705 1821 cuius
1740 1761 1989 1823 frontem
2020 1772 2082 1828 et

59 1853 245 1920 terga
276 1842 485 1921 Aorsi,
527 1844 712 1904 media
754 1842 1029 1906 cohortes
1061 1854 1120 1905 et
1145 1844 1470 1923 Bosporani
1505 1844 1832 1905 tutabantur
1865 1849 2078 1907 nostris

57 1932 120 1989 in
159 1929 356 1988 armis.
417 1929 504 1988 s'ic
527 1929 726 2009 pulsus
748 1928 963 2005 hostis,
995 1938 1343 2007 ventumque
1368 1929 1595 2004 Sozam,
1628 1928 1902 2007 oppidum
1929 1929 2079 1989 Dan·

55 2013 342 2089 dai-icae,
377 2012 530 2092 quod
561 2014 849 2074 desertum
882 2031 914 2073 a
937 2012 1263 2073 Mithridate
1289 2012 1365 2072 ob
1392 2010 1695 2087 ambiguos
1721 2013 2105 2090 popularium-

8 2148 14 2159 ,
55 2099 298 2160 animos
329 2098 574 2176 optineri
604 2097 813 2157 relicto
851 2096 931 2156 ibi
963 2096 1255 2175 praesidio
1285 2098 1488 2155 visum.
1568 2096 1720 2155 exim
1750 2096 1809 2155 in
1840 2096 2077 2155 Siracos
2101 2131 2125 2169 5

50 2188 355 2264 pergunt,
390 2188 449 2239 et
479 2181 829 2257 transgressi
860 2197 1082 2239 amnem
1115 2179 1364 2240 Pandam
1400 2179 1849 2240 circumveniunt
1876 2180 2076 2241 urbem

51 2269 312 2343 Uspen,
346 2261 552 2323 editam
580 2264 717 2324 loco
741 2273 798 2323 et
821 2263 1126 2323 moenibus
1155 2282 1224 2323 ac
1253 2263 1431 2324 fossis
1459 2266 1761 2341 munitam,
1792 2266 1900 2325 nisi
1924 2264 2081 2344 quod

49 2345 303 2411 moenia
332 2363 449 2405 non
477 2364 622 2408 saxo
653 2346 758 2407 sed
790 2347 1042 2407 cratibus
1073 2356 1132 2407 et
1161 2349 1428 2409 vimentis
1460 2366 1531 2409 ac
1560 2348 1745 2409 media
1778 2348 1947 2409 humo
1981 2349 2077 2410 ad·

53 2448 306 2495 versum
335 2432 726 2510 inrumpentes
757 2430 1006 2493 invalida
1039 2440 1235 2503 erant;
1280 2433 1639 2512 eductaeque
1690 2432 1859 2493 altius
1888 2442 2083 2501 turres

54 2514 300 2579 facibus
329 2520 502 2594 atque
534 2513 714 2575 hastis
744 2514 1049 2577 turbabant
1083 2516 1383 2578 obsessos.
1450 2535 1521 2577 ac
1551 2519 1606 2576 ni
1640 2517 1925 2595 proelium
1958 2536 2077 2579 nox
2097 2540 2147 2580 ιο

57 2599 432 2677 diremisset,
473 2608 684 2678 coepta
715 2608 1056 2679 patrataque
1086 2604 1445 2681 expugnatio
1473 2600 1720 2661 eundem
1752 2602 1897 2661 intra
1927 2600 2077 2661 diem

55 2686 248 2745 foret.

204 2768 302 2827 17.
341 2767 587 2827 Postero
639 2766 853 2827 misere
894 2768 1157 2846 legatos,
1212 2769 1441 2830 veniam
1484 2764 1683 2829 liberis
1727 2767 2075 2846 corporibus

59 2859 340 2913 orantes:
373 2853 590 2911 servitii
625 2850 828 2912 decem
856 2852 1012 2913 milia
1043 2852 1386 2915 offerebant.
1438 2852 1592 2933 quod
1624 2846 1916 2931 aspernati
1948 2860 2077 2911 sunt

57 2940 363 3011 victores,
397 2936 529 3013 quia
561 2933 850 2995 trucidare
879 2936 1104 2996 deditos
1137 2954 1393 3013 saevum,
1426 2946 1635 2997 tantam
1665 2935 2075 2997 multitudinem

61 3020 337 3083 custodia
369 3020 604 3096 cingere
637 3019 904 3097 arduum,
953 3020 1014 3081 u't
1048 3020 1187 3081 belli
1222 3022 1417 3099 potius
1460 3023 1584 3081 iure
1631 3021 1935 3089 caderent;
1980 3018 2075 3080 da·

59 3114 308 3181 tumque
336 3102 640 3180 militibus,
675 3104 772 3183 qui
800 3104 977 3165 scalis
1010 3114 1348 3181 evaserant,
1377 3107 1603 3181 signum
1634 3105 1849 3167 caedis.
1914 3105 2069 3165 exci—
2097 3122 2123 3161 s

61 3190 166 3249 dio
197 3187 547 3266 Uspensium
576 3197 762 3249 metus
797 3190 1011 3249 ceteris
1043 3190 1320 3266 iniectus,
1352 3188 1491 3248 nihil
1525 3196 1703 3250 tutum
1735 3188 1908 3263 ratis,
1950 3203 2076 3247 cum

61 3288 260 3348 arma,
302 3272 673 3350 munimenta,
719 3273 979 3350 impediti
1011 3273 1108 3335 vel
1151 3274 1467 3333 eminentes
1510 3272 1625 3332 loci
1665 3290 1981 3351 >amnesque
2019 3279 2077 3331 et
2132 3313 2144 3326 .

61 3355 247 3416 urbes
288 3356 444 3415 iuxta
491 3366 1022 3436 perrumperentur.
1089 3358 1262 3434 igitur
1299 3356 1607 3433 Zorsines,
1652 3356 1745 3417 diu
1787 3356 2077 3435 pensitato

59 3438 486 3501 Mithridatisne
545 3440 722 3500 rebus
789 3443 1064 3503 extremis
1118 3458 1191 3501 an
1245 3443 1433 3519 patrio
1482 3456 1670 3518 regno
1723 3441 2072 3518 consuleret,

61 3524 731 3604 postquampraevaluit
761 3525 995 3600 gentilis
1026 3525 1261 3603 utilitas,
1294 3524 1441 3585 datis
1476 3524 1775 3586 obsidibus
1807 3525 1955 3603 apud
1986 3524 2069 3585 ef·
2090 3546 2146 3591 ιο
2204 3600 2209 3611 Ι
