2475 4000
366 179 489 242 270
523 216 537 230 .
761 183 780 202 ‘
890 163 1231 238 commun
1277 189 1516 240 ‘err'rJ
1553 189 1921 239 sumnum

1511 265 1532 288 ι

364 329 555 406 aetate
576 346 648 406 ad
677 343 891 404 bellum
916 361 1112 420 versa,
1140 343 1272 404 dum
1292 352 1527 404 nostro-s
1549 351 1900 406 commeatus
1921 345 2026 407 sibi
2049 345 2370 428 destinant.

197 480 202 487 .
296 450 359 493 10
368 438 691 508 gentesque
732 429 1111 508 praeferoces
1152 428 1369 488 tardius
1411 428 1484 488 ad
1531 447 1738 508 pacem
1783 429 2174 506 inclinabant,
2239 435 2368 509 qnia

362 514 539 574 Iulius
568 512 956 574 classicianus
986 529 1298 572 successor
1327 511 1474 572 Cato
1504 514 1713 574 missus
1734 524 1796 574 et
1823 515 2106 574 Suetonio
2139 477 2370 590 discors

362 599 576 658 bonum
602 597 893 676 publicum
925 597 1163 675 privatis
1194 596 1572 656 simultatibus
1601 596 1956 677 impediebat
1981 581 2368 698 disperserat-

364 699 477 762 que
506 699 713 742 novum
747 681 1000 758 legatum
1030 680 1454 759 opperiendum
1480 699 1649 759 esse,
1691 685 1816 742 sine
1845 682 2036 742 hostili
2066 685 2158 742 ira
2189 691 2250 742 et
2281 699 2368 741 su·

365 765 564 846 perbia
596 766 835 825 victoris
868 764 1183 824 clementer
1206 765 1431 824 deditis
1441 765 1848 826 consulturum.
1881 763 2086 825 simul
2068 783 2130 824 ιιι
2167 765 2367 828 urbem

295 869 345 910 ιι
361 849 683 925 mandabat,
719 848 931 908 nullum
960 841 1321 926 proeliorum
1352 849 1524 908 finem
1555 858 1982 950 exspectarent,
2015 851 2130 909 nisi
2163 867 2360 910 sncce-
2446 851 2447 894 f

360 937 594 996 deretur
626 933 925 1010 Suetonio,
963 934 1124 992 cuius
1154 933 1398 993 adversa
1429 935 1695 1011 pravitati
1727 935 1930 1062 ipsiuS,
1967 948 2256 1012 prospera
2287 933 2358 992 ad
2445 951 2447 1010 j

357 1021 640 1081 fortunam
666 1016 978 1076 referebat.
2446 1015 2447 1090 ζ

484 1103 583 1166 39.
640 1102 822 1178 Igitur
864 1099 938 1161 ad
981 1100 1356 1179 spectandum
1387 1091 1716 1162 Britanniae
1760 1110 1966 1162 statum
2013 1102 2228 1161 missus
2276 1110 2362 1159 est
2446 1105 2447 1146 ἲ

358 1209 391 1249 e
419 1187 645 1248 libertis
689 1184 1039 1262 Polyclitus,
1091 1203 1302 1262 magna
1340 1185 1594 1245 Neronis
1638 1204 1745 1265 spe
1784 1203 1964 1265 posse
2005 1186 2357 1246 ⁴auctoritate
2446 1177 2447 1218 ³

359 1275 482 1334 eius
525 1289 641 1331 non
684 1269 862 1330 modo
904 1270 1054 1330 inter
1096 1269 1346 1346 legatum
1388 1279 1943 1349 procuratoremque
1989 1268 2358 1330 concordiam

356 1357 539 1433 gigni,
574 1353 681 1414 sed
712 1363 770 1414 et
800 1352 1059 1413 rebelles
1089 1353 1466 1416 barbarorum
1496 1357 1716 1415 animos
1749 1372 1898 1433 pace
1929 1356 2206 1432 conponi.
2247 1371 2355 1412 nec
2446 1351 2447 1424 Ῑ

307 1459 331 1497 5
359 1440 537 1499 defuit
566 1437 883 1512 Polyclitus
914 1455 1028 1515 quo
1062 1439 1247 1497 minus
1275 1439 1495 1516 ingenti
1527 1440 1754 1516 agmine
1785 1438 1986 1498 Italiae
2019 1437 2356 1514 Galliaeque

353 1521 585 1600 'gravi8,
635 1531 941 1598 postquam
989 1520 1280 1603 Oceanum
1325 1526 1748 1600 transmiserat,
1809 1522 2082 1582 militibus
2129 1538 2354 1600 quoque

354 1607 569 1666 nostris
612 1604 887 1664 terribilis
927 1605 1245 1664 incederet.
1313 1606 1418 1666 sed
1460 1606 1726 1668 hostibus
1778 1608 1978 1666 inrisui
2018 1607 2157 1683 fuit,
2213 1603 2354 1683 apud
2446 1607 2447 1688 ᾗ

358 1709 507 1770 quos
536 1690 819 1766 flagrante
850 1689 1019 1748 etiam
1048 1698 1167 1748 tum
1198 1688 1466 1750 libertate
1508 1691 1755 1752 nondum
1787 1692 2022 1768 cognita
2063 1690 2356 1749 libertino·

303 1798 314 1802 “
358 1793 481 1835 rum
514 1776 771 1853 potentia
809 1780 965 1842 erat;
996 1773 1463 1853 mirabanturque
1495 1776 1651 1855 quod
1676 1774 1790 1834 dux
1817 1784 1877 1834 et
1901 1775 2200 1834 exercitus
2225 1772 2356 1832 tanti

212 1893 223 1900 -
288 1881 339 1922 ιο
358 1858 499 1918 belli
530 1858 833 1918 confector
864 1858 1116 1917 servitiis
1147 1855 1508 1918 oboedirent.
1565 1868 1770 1920 cuncta
1799 1868 1986 1919 tamen
2015 1857 2088 1918 ad
2118 1860 2355 1937 impera·

356 1953 543 2005 torem
583 1944 642 2003 in
680 1941 911 2003 mollius
941 1941 1155 2013 relata;
1196 1942 1576 2023 detentusque
1619 1943 1796 2009 rebus
1833 1942 2110 2021 gerundis
2159 1943 2352 2003 Sueto-

354 2030 517 2107 nius,
570 2027 725 2107 quod
771 2035 905 2105 post
941 2038 1157 2106 paucas
1198 2046 1381 2088 naves
1425 2030 1482 2087 in
1517 2029 1692 2092 litore
1733 2028 2154 2107 remigiumque
2196 2030 2251 2085 in
2290 2026 2354 2083 iis
2446 2048 2447 2111 ss

356 2116 647 2187 amiserat,
676 2121 963 2189 tamquam
988 2112 1225 2173 durante
1259 2111 1442 2188 bello,
1479 2113 1714 2173 tradere
1744 2114 2063 2173 exercitum
2085 2109 2350 2173 Petronio

358 2194 713 2276 Turpiliano,
753 2196 848 2273 qui
876 2197 988 2255 iam
1017 2196 1318 2257 consulatu
1349 2196 1588 2274 abierat,
1621 2196 1868 2257 iubetur.
1917 2198 1968 2255 is
1994 2213 2114 2256 non
2135 2196 2352 2256 inritato

289 2304 337 2343 15
354 2281 525 2339 hoste
566 2297 755 2358 neque
798 2278 1105 2340 lacessitus
1134 2280 1442 2342 honestum
1471 2284 1654 2361 pacis·
1669 2294 1878 2341 nomen
1908 2282 2076 2358 segni
2111 2282 2236 2341 otio
2262 2280 2349 2337 im·

355 2366 566 2445 posuit.

482 2450 583 2510 40.
625 2448 847 2509 Eodem
888 2466 1036 2509 anno
1075 2449 1296 2509 Romae
1331 2450 1578 2527 insignia
1619 2449 1879 2525 scelera,
1918 2449 2166 2509 alterum
2197 2460 2347 2506 seua-
2446 2478 2447 2499 ;

201 2558 214 2597 ι
355 2535 519 2610 toris,
556 2534 757 2593 servili
786 2533 1027 2592 alterum
1056 2533 1317 2610 audacia,
1349 2535 1596 2594 admissa
1627 2543 1775 2595 sunt.
1833 2534 2117 2593 Domitius
2152 2529 2353 2592 Balbus

358 2627 481 2677 erat
514 2618 874 2717 praetorius,
923 2616 1086 2678 simul
1130 2618 1308 2695 longa
1349 2627 1617 2694 senecta,
1663 2618 1830 2678 simul
1875 2617 2124 2676 orbitate
2164 2624 2222 2677 ct
2258 2630 2351 2691 pe·

359 2704 529 2763 cunia
580 2694 799 2761 insidiis
854 2701 1160 2761 obnoxius.
1243 2703 1295 2761 ci
1343 2704 1699 2781 propinquus
1735 2702 2005 2762 Valerius
2050 2700 2350 2769 Fabianus,
2446 2726 2447 2745 ι

309 2808 334 2848 5
358 2787 733 2865 capessendis
774 2785 1095 2847 honoribus
1138 2786 1488 2861 destinatus,
1537 2786 1790 2846 subdidit
1833 2794 2232 2846 testamentum
2261 2778 2350 2839 ad·
2446 2848 2447 2855 ἵ

356 2873 517 2930 scitis
547 2872 775 2931 Vinicio
811 2871 1019 2930 Rufino
1065 2879 1123 2929 et
1152 2871 1430 2931 Terentio
1462 2870 1702 2935 Lentino
1747 2869 2035 2949 equitibus
2062 2865 2346 2929 Romanis.

354 2954 439 3014 illi
472 2953 784 3015 Antonium
815 2953 1061 3013 Primum
1094 2964 1152 3015 et
1180 2954 1440 3017 Asinium
1462 2954 1798 3017 Marcellum
1822 2955 2206 3015 sociaverant.
2241 2951 2348 3009 An·

354 3042 547 3099 tonius
584 3038 825 3099 audacia
860 3048 1188 3117 promptus,
1231 3039 1546 3099 Marcellus
1589 3038 1806 3098 Asinio
1836 3038 2102 3100 Pollione
2135 3047 2348 3115 proavo
2446 3068 2447 3115 3

356 3122 547 3183 clarus
590 3140 779 3201 neque
820 3140 1043 3182 morum
1082 3122 1443 3201 spernendus
1482 3122 1829 3204 habebatur,
1867 3124 1975 3183 nisi
2020 3120 2176 3199 quod
2215 3134 2344 3198 pau-

287 3224 335 3264 10
356 3216 641 3285 pertatem
670 3208 1043 3286 praecipuum
1086 3208 1365 3267 malorum
1395 3187 1712 3269 credebat.
1755 3168 1927 3285 ig’itur
1959 3206 2242 3267 Fabianus
2271 3210 2346 3260 ta-

354 3291 521 3351 bulas
568 3291 803 3354 adscitis
848 3308 995 3369 quos
1035 3294 1349 3353 memoravi
1397 3302 1454 3351 et
1497 3292 1623 3352 aliis
1671 3293 1855 3351 minus
1888 3289 2220 3351 inlustribus
2252 3284 2344 3345 ob·

274 3400 283 3413 ·
332 3376 566 3451 signat.
626 3374 781 3453 quod
814 3374 965 3453 apud
996 3385 1193 3453 patres
1224 3378 1580 3453 convictum,
1624 3386 1681 3436 et
1723 3375 2009 3436 Fabianus
2048 3372 2342 3433 Antonius·

358 3475 473 3534 que
506 3477 631 3519 cum
668 3460 877 3519 Rufino
920 3469 977 3519 et
1007 3460 1278 3519 Terentio
1323 3460 1458 3537 lege
1491 3458 1762 3521 Cornelia
1806 3460 2152 3520 damnantur.
2206 3454 2339 3516 nar·
