2475 4000
691 223 902 279 mmm
925 233 1021 280 x1.
1045 231 1204 322 joar.
1230 229 1471 284 27-33,
1698 253 1703 258 -
1974 213 2109 282 193*

103 397 224 440 rem
277 395 688 466 rumperetque
739 388 966 449 tabulas
1009 387 1315 466 nuptiale-s.
1379 389 1487 446 ‘an
1531 387 1857 447 discidium'
1916 388 2095 465 inquit

102 463 276 524 ‘tuum
307 469 505 533 nosti?
551 488 678 530 nam
722 474 1137 532 matrimonium
1167 471 1291 531 Silii
1324 470 1466 530 vidit
1495 472 1744 551 populus
1774 480 1831 530 et
1860 480 2091 531 senatus
2114 484 2162 531 ιο

103 557 162 606 et
191 551 388 623 miles;
425 571 495 614 ac
526 557 582 613 ni
613 573 870 636 propere
901 558 1051 633 agis,
1083 564 1244 615 tenet
1268 555 1469 615 urbem
1498 556 1775 614 maritus?
2187 623 2197 630 ,

220 634 320 695 31.
371 639 511 699 Tum
543 642 900 718 potissimum
929 656 1221 720 quemque
1250 641 1563 702 amicorum
1596 647 1797 714 vocat,
1832 639 2090 716 primum-

101 733 211 792 que
243 721 332 779 rei
357 721 767 784 frumentariae
801 725 1158 803 praefectum
1191 724 1543 800 Turranium,
1575 731 1711 802 post
1736 721 1961 781 Lusium
1985 721 2093 782 Ge-

101 807 210 859 tam
242 808 629 881 praetorianis
659 811 968 888 inpositum
1000 817 1389 886 percontatur.
1456 810 1583 887 quis
1623 805 1931 884 fatentibus
1972 823 2095 864 cer-

102 887 251 946 tatim
300 892 488 950 ceteri
533 893 1044 972 circumstrepunt,
1080 895 1194 952 iret
1227 894 1285 951 in
1326 900 1547 969 castra,
1590 883 1841 951 firmaret
1868 897 2093 968 praeto-

99 969 212 1028 rias
243 973 548 1051 cohortes,
585 977 876 1036 securitati
900 985 1222 1054 ante-*quam
1246 975 1539 1036 vindictae·
1560 974 1909 1036 consuleret.
1954 975 2091 1032 satis
2116 995 2141 1033 5

101 1063 324 1116 constat
365 1075 444 1118 eo
487 1075 710 1138 pavore
756 1061 998 1120 offusum
1043 1059 1367 1136 Claudium,
1408 1069 1469 1119 ut
1504 1058 1813 1120 identidem
1851 1058 2096 1118 interro-

101 1147 294 1217 garet,
336 1161 416 1202 an
457 1145 586 1222 ipse
628 1146 852 1224 imperii
895 1155 1137 1224 potens,
1187 1163 1260 1204 an
1289 1144 1463 1204 Silius
1506 1145 1763 1224 privatus
1806 1144 2012 1200 esset.'
2040 1149 2100 1200 at

101 1218 413 1288 Messalina
443 1245 560 1287 non
589 1229 734 1288 alias
766 1229 1012 1290 solutior
1032 1229 1190 1304 luxu,
1224 1226 1421 1288 adulto
1444 1236 1711 1288 autumno
1736 1226 2099 1285 simulacrum

103 1303 424 1371 vindemiae
470 1328 578 1390 per
617 1311 844 1372 domum
887 1313 1238 1374 celebrabat.
1312 1313 1547 1389 urgueri
1578 1311 1773 1390 prela,
1808 1309 1989 1372 fluere
2017 1309 2097 1368 la-'

101 1405 228 1469 cum
273 1404 333 1454 et
371 1395 628 1456 feminae
671 1395 922 1476 pellibus
953 1398 1251 1460 accinctae
1284 1395 1643 1457 adsultabant
1676 1404 1747 1478 ut¹
1769 1395 2164 1456 sacrificas-10

99 1479 186 1532 tes
203 1477 299 1537 vel
321 1479 684 1541 insanientes
706 1476 999 1550 Bacchum
1025 1483 1152 1560 ipsa
1178 1480 1340 1552 crine
1362 1481 1517 1541 fluxo
1536 1480 1791 1554 thyrsum
1816 1479 2096 1557 quatiens,

101 1556 370 1639 iuxtaque
411 1563 586 1624 Silius
615 1564 832 1624 heder-a
862 1564 1106 1642 vinctuS,
1135 1557 1349 1644 gerere
1382 1563 1730 1640 cothurnos,
1773 1565 1969 1622 iacere
2004 1579 2097 1629 ca-

102 1651 225 1720 put,
267 1655 574 1726 strepente
607 1650 821 1709 circum
851 1651 1089 1728 procaci
1123 1649 1324 1710 choro.
1383 1649 1577 1709 ferunt
1599 1649 1851 1709 Vettium
1884 1645 2097 1706 Valen-

103 1732 211 1785 tem
240 1728 485 1794 lascivia
525 1735 584 1792 in
631 1735 946 1814 praealtam
975 1732 1244 1793 arborem
1275 1735 1561 1808 conisum,
1607 1729 2099 1808 interrogantibus

104 1810 234 1884 quid
283 1818 610 1897 aspiceret,
653 1819 1031 1898 respondisse
1061 1825 1467 1896 tempestatem
1506 1817 1578 1874 ab
1616 1815 1776 1875 Ostia
1817 1799 2169 1890 atrocem‚15'
2273 1880 2279 1888 ι
2332 1782 2339 1791 ¹

103 1892 223 1954 sive
255 1911 538 1980 coeperat
568 1921 639 1963 ea
669 1905 932 1982 species,
977 1919 1082 1984 seu
1118 1902 1273 1961 forte
1304 1900 1469 1978 lapsa
1498 1907 1618 1958 vox
1645 1901 1703 1956 in
1732 1899 2095 1976 praesagium

100 1981 288 2040 vertit.
334 1988 340 2003 '

221 2063 321 2125 32.
370 2068 504 2129 Non
531 2088 726 2131 rumor
756 2072 1009 2147 interea,
1043 2068 1148 2128 sed
1177 2066 1428 2145 undique
1458 2066 1634 2143 nuntii
1666 2064 1961 2143 incedunt,
2000 2056 2096 2143 qui
2126 2119 2145 2127 s

93 2161 276 2219 gnara
315 2150 560 2213 Claudio
604 2163 807 2214 cuncta
851 2163 909 2213 et
951 2155 1150 2213 venire
1185 2159 1510 2231 promptum
1551 2149 1751 2210 ultioni
1782 2148 2095 2209 adferrent.

93 2228 269 2303 igitur
309 2230 627 2297 Messalina
667 2237 1034 2299 Lucullianos
1081 2238 1140 2295 in
1181 2236 1416 2310 hortos,
1470 2234 1647 2295 Silius
1688 2233 2095 2296 dissimulando

93 2320 248 2371 metu
281 2315 354 2376 ad
386 2320 573 2379 munia
602 2321 715 2380 fori
744 2320 1156 2398 digrediuntur.
1219 2320 1434 2380 ceteris
1465 2321 1682 2398 passim
1712 2318 2097 2379 dilabentibus

94 2394 332 2461 adfuere
368 2404 772 2482 centuriones,
816 2404 1104 2483 inditaque
1148 2414 1278 2464 sunt
1314 2404 1537 2481 vincla,
1574 2412 1636 2463 ut
1676 2405 1803 2483 quis
1837 2405 2137 2482 reperte-⁵

95 2477 262 2541 batur
308 2487 368 2546 in
408 2486 645 2565 publico
679 2498 774 2548 aut
802 2506 910 2567 per
947 2488 1221 2549 latebras.
1280 2485 1591 2549 Messalina
1631 2495 1853 2564 tamen,
1902 2504 2095 2583 quam·

101 2580 263 2640 quam
293 2587 394 2631 res
425 2571 707 2633 adversae
739 2574 1035 2634 consilium
1065 2574 1403 2649 eximerent,
1448 2576 1535 2631 ire
1570 2571 1798 2634 obviam
1828 2580 1887 2630 et
1914 2571 2097 2649 aspici

104 2665 135 2706 a
163 2654 399 2733 marito,
446 2656 598 2735 quod
631 2674 808 2737 saepe
840 2656 1148 2718 subsidium
1190 2657 1497 2733 habuerat,
1533 2656 1685 2716 haud
1728 2656 1987 2733 seg-niter
2012 2656 2095 2714 in-

104 2734 280 2797 tendit
313 2742 582 2819 misitque
625 2750 712 2802 utx
729 2740 1087 2801 Britannicus
1132 2751 1190 2802 et
1220 2742 1464 2802 Octavia
1511 2743 1567 2800 in
1604 2740 1967 2820 complexum
1996 2756 2095 2817 pa-

104 2818 203 2877 tris
244 2834 582 2969 perferent.
640 2832 698 2885 et
739 2825 1053 2902 Vibidiam,
1101 2828 1385 2904 virginum
1416 2826 1733 2890 Vestalium
1775 2824 2093 2883 vetustissi-
2115 2838 2165 2877 ιο
2222 2818 2227 2841 ¹

105 2914 264 2982 mam,
305 2926 342 2969 o
378 2912 493 2970 avit
525 2910 814 2989 pontilicis
843 2911 1069 2969 maximi
1098 2928 1269 2971 aures
1301 2910 1489 2987 adire,
1527 2911 1884 2969 elementiam
1916 2924 2095 2986 expe-

106 2989 244 3047 tere.
305 3003 476 3073 atque
507 2996 753 3072 interim,
791 2993 969 3054 tribus
996 2988 1221 3055 omnino
1249 2994 1645 3054 comitantibus
1663 3024 1749 3041 --
1772 2993 1829 3053 id
1853 3000 2095 3070 repente

105 3069 422 3137 solitudinis
455 3087 580 3140 erat
606 3114 694 3126 -—
724 3080 966 3159 spatium
1009 3077 1164 3138 urbis
1209 3078 1455 3156 pedibus
1489 3096 1752 3155 emensa,
1802 3074 2094 3151 vehiculo,

107 3166 216 3227 <1¹¹⁰
250 3172 629 3239 purgamenta
656 3164 952 3225 hortorum
976 3163 1356 3241 excipiuntur,
1388 3162 1715 3222 Ostiensem
1736 3164 1884 3221 viam
1906 3161 2093 3235 intrat,

107 3236 252 3301 nulla
307 3248 642 3329 cuiusquam
699 3246 1129 3323 misericordia,
1187 3248 1319 3325 quia
1370 3246 1714 3325 flagitiorum
1758 3242 2095 3306 deformitas
2112 3257 2161 3299 15

108 3328 495 3392 praevalebat.
829 3348 842 3361 ·
1189 3342 1196 3351 '
2021 3333 2029 3337 “

228 3410 327 3474 33.
373 3414 806 3494 Trepidabatur
835 3417 1014 3479 nihilo
1045 3417 1226 3475 minus
1270 3434 1302 3476 a
1334 3414 1619 3477 Caesare:
1668 3417 1884 3496 quippe
1915 3414 2099 3477 Getae

109 3499 375 3561 praetorii
408 3500 710 3578 praefecto
738 3499 889 3563 haud
921 3503 1063 3563 satis·
1090 3500 1375 3580 fidebant,
1410 3500 1481 3561 ad
1512 3501 1754 3562 honesta
1785 3510 1889 3561 seu
1917 3516 2101 3582 prava

189 3594 360 3640 mern
381 3603 524 3644 rans
547 3605 587 3643 ι.
1029 3628 1036 3647 .
1698 3584 1774 3647 13
