2475 4000
357 171 484 234 220
841 177 1172 226 conum
1199 175 1437 224 mern
1464 175 1837 224 mamm(

355 349 548 398 rara-
591 333 652 391 in
700 332 984 392 societate
1027 330 1356 410 potentiae,
1406 329 1767 406 concordes,
1824 329 2067 388 diversa
2126 337 2267 388 arte
2312 346 2381 388 ex
2465 355 2468 364 ·

359 433 546 498 aequo
577 413 916 496 pollebant,
957 414 1174 474 Burrus
1213 412 1555 474 militaribus
1588 415 1744 472 curis
1781 421 1837 472 et
1890 414 2231 474 severitate
2266 431 2379 472 mo·
2465 419 2467 422 ’

307 533 334 572 5
357 519 510 578 runt,
561 501 791 560 Seneca
841 498 1177 578 praeceptis
1229 495 1603 575 eloquentiae
1656 505 1717 558 et
1772 498 2047 558 comitate
2098 495 2377 572 honesta,

357 589 620 646 iuvantes
657 584 718 644 in
749 583 969 660 vicem,
1019 598 1134 660 quo
1177 580 1407 642 facilius
1452 579 1733 642 lubricam
1780 581 2067 660 principis
2100 589 2376 656 aetatem,

357 672 410 732 si
437 671 702 730 virtate-
747 673 1190 746 aspernaretur,
1245 664 1639 743 voluptatibus
1682 665 1989 726 concessis
2022 666 2373 724 retinerent.

357 761 646 814 certamen
667 751 894 829 utrique
919 766 1088 809 unum
1115 757 1243 808 erat
1270 757 1471 808 eontra
1492 749 1777 808 ferociam
1795 749 2201 826 Agrippinae,
2234 766 2379 828 quae

357 838 580 898 cunetis
623 833 810 896 malae
857 832 1259 894 dominationis
1308 831 1670 911 cupidinibus
1712 833 1967 908 flag-rans
2010 831 2283 892 habebat
2324 833 2381 889 in

289 942 340 984 io
359 919 618 1002 partibus
647 915 962 980 Pallantem
977 961 997 994 ‚
1041 933 1158 996 quo
1203 924 1445 976 auctore
1476 915 1749 977 Claudius
1789 917 2011 994 nuptiis
2040 917 2299 976 incestis
2326 925 2381 974 et

356 1005 670 1085 adoptione
709 999 958 1062 exitiosa
987 1009 1173 1060 senet
1203 1009 1591 1077 perverterat.
1658 999 1765 1060 sed
1806 1017 2003 1078 neque
2030 998 2271 1060 Neroni
2304 1001 2378 1058 in-

355 1089 446 1150 fra
475 1103 684 1149 servos
709 1085 1030 1162 ing-eninm,
1065 1093 1126 1144 et
1149 1082 1345 1144 Pallas
1368 1086 1517 1144 tristi
1546 1083 1888 1162 adrogantia
1908 1083 2157 1143 modum
2186 1084 2381 1143 liberti
2430 1142 2443 1150 ,

357 1189 638 1252 egressus
677 1169 926 1232 taedium
965 1169 1054 1228 sui
1093 1175 1376 1228 moverat.
1462 1168 1763 1248 propalam
1812 1175 2013 1226 tamen
2067 1185 2278 1230 omnes
2322 1169 2377 1225 in
2473 1197 2474 1202 κ

357 1273 486 1318 eam
519 1257 776 1318 honores
811 1251 1273 1326 cumulabantur,
1308 1253 1651 1330 signumque
1678 1269 1841 1312 more
1872 1251 2121 1312 militiae
2148 1252 2375 1330 petenti

291 1363 342 1403 15
362 1339 592 1402 tribuno
622 1337 781 1400 dedit
809 1338 1106 1416 „optimae
1133 1337 1399 1397 mattis.“
1429 1333 1651 1394 dec-reti
1672 1345 1731 1396 et
1759 1353 1793 1396 a
1824 1344 2039 1396 senatu
2066 1335 2177 1395 duo
2198 1335 2366 1394 licto·
2474 1342 2475 1407 ι

356 1441 492 1499 res,
533 1421 836 1482 flaminium
875 1419 1210 1496 Claudiale‚
1254 1418 1420 1480 simul
1454 1417 1697 1480 Claudio
1744 1421 2083 1480 censorium
2120 1419 2291 1479 funus
2314 1427 2373 1476 et
2474 1428 2475 1437 ¹

355 1523 494 1566 mox
519 1505 910 1564 consecratio.

485 1589 546 1652 3.
591 1585 706 1648 Die
747 1586 970 1648 funeris
1021 1585 1405 1648 laudationem
1448 1587 1573 1648 eius
1624 1587 1905 1667 princeps
1960 1604 2228 1646 exorsus
2276 1596 2375 1662 est,

361 1675 492 1735 dum
525 1673 916 1751 antiquitatem
943 1671 1216 1750 generis,
1260 1670 1597 1732 consulatus
1637 1688 1709 1732 ac
1736 1669 2069 1750 triumphos
2096 1673 2374 1732 maiorum

361 1753 764 1833 enumerabat,
795 1756 1054 1817 intentus
1089 1756 1220 1834 ipse
1261 1764 1322 1816 et
1360 1756 1579 1824 eeteri;
1623 1754 1948 1816 liberalium
1998 1772 2255 1833 quoque
2296 1773 2373 1814 ar·

358 1842 498 1904 tium
531 1842 1000 1902 commemoratio
1035 1849 1098 1899 et
1119 1839 1263 1899 nihil
1288 1847 1539 1917 regente
1566 1856 1643 1899 eo
1674 1842 1839 1899 triste
1871 1838 1961 1897 rei
1990 1838 2283 1916 publicae
2310 1838 2373 1898 ab

313 1949 338 1987 5
365 1925 622 1986 externis
661 1924 948 1992 accidisse
1003 1926 1207 2006 pronis
1250 1925 1449 1984 animis
1490 1921 1711 1984 audita:
1768 1931 2082 2003 postquam
2125 1923 2205 1983 ad
2250 1941 2373 2004 pro·

361 2011 668 2074 videntium
700 2012 1158 2091 sapientiamque
1186 2008 1369 2085 flexit,
1400 2026 1573 2069 nemo
1602 2009 1745 2071 risni
1771 2016 2111 2088 temperare
2130 2053 2151 2084 ‚
2187 2026 2372 2087 quam-

359 2112 530 2175 quam
569 2096 758 2157 oratio
803 2112 840 2155 a
870 2094 1098 2155 Seneca
1143 2094 1466 2172 composita
1504 2092 1741 2155 multum
1790 2093 1979 2153 cultus
2022 2093 2369 2173 praeferret,

358 2188 420 2239 ut
459 2178 568 2237 fuit
607 2178 694 2239 illi
731 2180 862 2239 viro
906 2180 1199 2255 ingenium
1229 2193 1533 2239 amoenum
1576 2187 1635 2237 et
1662 2179 1949 2257 temporis
1979 2172 2115 2237 e'ius
2144 2179 2367 2239 auribus

357 2261 876 2323 adcommodatum.
927 2260 1283 2323 adnotabant
1308 2263 1610 2339 seniores,
1640 2261 1845 2341 quibus
1870 2262 2133 2323 otiosum
2164 2272 2257 2323 est
2277 2281 2361 2321 ve-

291 2368 342 2408 10
359 2354 484 2405 tera
511 2354 572 2407 et
596 2346 924 2424 praesentia
955 2346 1342 2421 contendere,
1374 2347 1616 2423 primum
1646 2366 1723 2407 ex
1752 2348 1823 2407 iis
1850 2347 1949 2424 qui
1976 2364 2181 2411 rerum
2204 2344 2357 2426 potiti

361 2438 560 2491 essent
579 2428 874 2493 Neronem
904 2428 1128 2491 alienae
1155 2428 1463 2491 facundiae
1492 2431 1750 2507 eguisse.
1794 2446 1923 2491 nam
1947 2430 2201 2493 dictator
2218 2428 2353 2489 Gae-

359 2532 456 2575 sar
489 2516 718 2577 summis
749 2514 1080 2577 oratoribus
1111 2514 1401 2585 aemulus;
1434 2523 1495 2575 et
1527 2515 1795 2592 Augusto
1826 2524 2107 2595 prompta
2134 2532 2200 2575 ae
2224 2529 2357 2593 pro-

359 2598 546 2659 fluens
583 2617 852 2679 quaeque
891 2600 1134 2663 deceret
1175 2598 1499 2678 principem
1538 2598 1869 2677 eloquentia
1897 2598 2025 2659 fnit.
2106 2598 2363 2661 Tiberius

358 2691 537 2743 arten»
583 2701 814 2764 quoque
857 2684 1136 2759 callebat,
1179 2700 1290 2761 qua
1334 2681 1515 2743 verba
1557 2683 1953 2761 expenderet,
1994 2692 2117 2743 tum
2148 2681 2363 2743 val-idus

297 2783 343 2823 ιε
362 2767 628 2828 sensibus
661 2779 761 2829 ant
793 2769 1060 2829 consulto
1091 2766 1417 2845 ambiguus.
1494 2768 1667 2827 etiam
1696 2767 1801 2829 Gai
1836 2764 2115 2827 Caesaris
2142 2766 2365 2827 turbata

359 2869 524 2912 mens
551 2854 666 2913 vim
695 2852 924 2914 dicendi
952 2868 1070 2911 non
1097 2853 1381 2930 corrupit.
1437 2853 1629 2911 necin
1653 2848 1919 2928 Claudio,
1950 2852 2228 2929 quotiens
2255 2868 2365 2911 me·

361 2936 537 2997 ditata
567 2937 882 2999 dissereret
891 2964 921 3011 ‚-
943 2932 1293 3012 elegantiam
1313 2938 1665 3014 requireres.
1717 2934 1877 2997 Nero
1902 2934 2235 3013 puerilibus
2260 2945 2363 2995 sta·

358 3020 458 3081 tim
486 3024 648 3083 ann'm
677 3019 928 3080 vividum
957 3021 1202 3081 animum
1233 3022 1295 3080 in
1328 3020 1440 3081 alia
1474 3019 1746 3082 detorsit:
1796 3019 2064 3097 caelare,
2098 3020 2363 3099 pingere,

363 3115 566 3167 cantus
595 3112 692 3167 aut
721 3104 985 3180 regimen
1016 3122 1296 3183 equorum
1326 3122 1642 3174 exercere;
1676 3113 1737 3164 et
1760 3102 2071 3183 aliquando
2106 3105 2363 3165 carmini-

291 3204 342 3244 20
362 3188 470 3249 bus
501 3187 827 3268 pangendis
860 3188 1055 3248 inesse
1091 3188 1200 3249 sibi
1229 3189 1519 3251 elementa
1552 3187 1857 3251 doctrinae
1882 3187 2258 3249 ostendebat.

485 3276 546 3334 4.
597 3272 868 3334 Ceterum
902 3276 1158 3351 peractis
1184 3274 1453 3334 tristitiae
1491 3273 1859 3335 imitamentis
1877 3273 2111 3333 ,curiam
2142 3273 2365 3349 ingres·

361 3375 460 3417 sus
501 3366 566 3417 et
608 3356 682 3417 de
714 3358 1054 3419 auctoritate
1094 3366 1319 3438 patrum
1352 3366 1413 3417 et
1450 3373 1737 3417 consensu
1770 3356 2009 3417 militum
2036 3357 2359 3434 praefatuS‚

363 3440 606 3501 consilia
637 3441 746 3503 sibi
776 3451 836 3502 et
863 3441 1134 3521 exempla
1163 3440 1512 3519 capessendi
1542 3441 1791 3519 egregie
1819 3441 2045 3519 imperii
2076 3458 2361 3505 memora·
