2475 4000
428 189 551 252 292
898 195 1225 246 coenem
1261 193 1496 244 'mern
1525 193 1889 267 nummum

358 369 410 412 15
427 356 617 432 tiaque
652 351 906 413 Romana
937 351 1225 429 capiamus
1252 351 1579 426 consilinm,
1611 367 1724 427 quo
1757 348 1972 410 'tutelae
2001 348 2296 410 sociorum
2321 349 2400 410 ni-

425 438 505 498 hil
538 435 871 513 derogetur,
902 433 1068 493 nobis
1098 435 1294 513 opinio
1323 433 1587 510 decedat,
1619 433 1803 511 qualis
1835 435 2076 513 quisque
2103 432 2400 511 habeatur,

426 520 562 581 alibi
591 537 757 598 quam
782 521 840 578 in
870 518 1072 578 civium
1099 515 1310 577 iudicio
1340 535 1492 578 esse.
1542 523 1553 532 ⁰

546 604 646 665 21.
692 602 838 663 Olim
866 601 1093 681 quidem
1120 619 1237 661 non
1279 601 1450 661 modo
1493 609 1731 679 praetor
1773 609 1870 662 aut
1899 601 2100 662 consul
2117 599 2254 674 sed
2293 601 2402 679 pri-

425 689 542 748 vati
576 674 745 748 etiam
782 684 1179 761 mittebantur,
1234 686 1331 763 qui
1378 685 1710 764 provhcias
1748 685 2002 745 viserent
2043 694 2102 745 et
2147 683 2322 763 quid
2335 684 2402 744 de

427 773 699 849 cuiusque
730 769 1011 848 obsequio
1036 768 1328 841 videretur
1355 769 1657 845 referrent,
1685 763 2166 848 trepidabantque
2193 777 2404 845 gentes

421 856 496 915 de
524 853 917 916 aestimatione
948 852 1332 928 singulorum:
1361 862 1418 914 at
1449 870 1598 911 nunc
1623 852 1862 913 colimus
1885 861 2164 913 externos
2187 861 2252 912 et
2275 852 2402 912 adu·
2457 873 2459 886 ·

372 959 399 1002 ιι
421 939 633 1015 lamur,
678 948 737 998 et
764 954 878 1016 quo
912 936 1085 997 modo
1116 934 1188 996 ad
1222 945 1411 996 nutum
1439 935 1678 996 alicuius
1708 945 1936 1014 grates,
1977 937 2054 996 ita
2084 938 2404 1015 promptius

422 1023 714 1084 accusatio
746 1021 1091 1083 decernitur.
1146 1019 1600 1098 decernaturque
1627 1029 1684 1079 et
1705 1028 1930 1080 maneat
1954 1019 2404 1097 provincialibus

420 1109 737 1194 potentiam
768 1123 926 1166 suam
957 1105 1059 1164 tali
1102 1103 1274 1163 modo
1320 1103 1670 1166 ostentandi:
1721 1103 1824 1166 sed
1855 1103 1980 1163 laus
2008 1104 2156 1164 falsa
2185 1113 2250 1167 et
2279 1121 2402 1181 pre-

422 1190 581 1251 cibus
628 1207 908 1268 expressa
950 1187 1189 1268 perinde
1232 1185 1568 1248 cohibeatur
1606 1205 1772 1266 quam
1803 1187 2041 1264 malitia,
2073 1205 2248 1266 quam
2283 1205 2402 1248 cru-

418 1274 648 1335 delites.
696 1274 859 1352 plura
899 1290 1079 1350 saepe
1126 1280 1469 1350 peccantur,
1521 1271 1650 1330 dum
1689 1271 2048 1331 demeremur
2073 1289 2250 1349 ,quam
2281 1271 2402 1330 dum

352 1372 403 1413 ιο
422 1357 777 1418 offendimus.
840 1355 1162 1435 quaedam·
1144 1372 1320 1414 immo·
1340 1356 1580 1414 virtutes
1609 1352 1744 1415 odio
1775 1363 1934 1431 sunt,
1979 1355 2274 1414 severitas
2305 1353 2401 1413 ob·

419 1440 655 1516 stinata,
698 1441 945 1499 invictus
988 1438 1292 1498 adversum
1334 1439 1576 1516 gratiam
1621 1440 1857 1498 animus.
1915 1437 2048 1498 inde
2087 1439 2250 1498 initia
2293 1456 2400 1498 ma-

417 1522 756 1600 gistratuum
796 1531 1122 1582 nostrorum
1148 1521 1391 1583 meliora
1421 1522 1602 1582 ferme
1637 1531 1696 1581 et
1725 1523 1853 1582 finis
1879 1522 2146 1598 inclinat,
2184 1521 2322 1582 dum
2349 1523 2402 1580 in

417 1605 642 1665 modum
672 1604 1100 1666 candidatorum
1130 1606 1405 1682 suffragia
1435 1607 1846 1684 conquirimus;
1865 1624 2040 1685 qnae
2082 1607 2132 1665 si
2167 1623 2399 1666 arcean-

380 1698 542 1766 ·,tur
580 1688 933 1767 aequabilius
970 1696 1139 1766 atque
1182 1690 1529 1749 constantius
1562 1691 1896 1772 provinciae
1922 1698 2216 1766 regentur.
2281 1706 2401 1748 nam

352 1787 399 1828 ιτ»
418 1781 475 1832 ιιι
512 1781 665 1832 metu
708 1771 1149 1851 repetundarum
1180 1772 1420 1832 infracta
1450 1775 1681 1833 avaritia
1711 1782 1828 1850 est,
1869 1775 1947 1834 ita
1986 1774 2162 1832 vetita
2189 1775 2401 1849 gratia·
2457 1843 2459 1846 Α

418 1875 541 1916 rum
570 1857 798 1916 actione
828 1855 1058 1916 ambitio
1090 1854 1408 1917 cohibetur.
1413 1859 1434 1889 ’
1609 1903 1620 1916 .
2457 1877 2459 1886 ⁴

540 1939 640 2001 22.
681 1940 893 2019 Magno
928 1939 1173 2001 adsensu
1206 1939 1496 2001 celebrata
1527 1941 1841 2017 sententia,
1873 1948 2204 2003 nontamen
2239 1959 2399 2001 sena·

416 2034 509 2085 tus
543 2026 862 2085 consultum
896 2025 1098 2104 perlici
1131 2025 1333 2104 potuit,
1367 2024 1740 2085 abnuentibus
1775 2024 2106 2085 consulibus
2133 2042 2202 2086 ea
2235 2024 2314 2085 de
2341 2043 2400 2085 re

415 2109 678 2193 relatum.
733 2123 869 2169 mox
898 2118 1134 2169 auctore
1165 2108 1426 2187 principe
1458 2126 1721 2185 sanxere,
1755 2126 1829 2169 ne
1853 2112 1980 2187 quis
2001 2110 2072 2169 ad
2095 2110 2400 2169 concilium
2456 2146 2457 2163 2

418 2184 706 2251 sociorum
728 2191 977 2252 referret
992 2192 1413 2271 agendasapud
1433 2200 1687 2252 senatum
1701 2210 1808 2271 pro
1826 2192 2192 2273 praetoribus
2211 2210 2396 2273 prove

365 2291 392 2331 ⁵
419 2274 753 2334 consulibus
782 2283 999 2351 grates,
1034 2293 1146 2335 neu
1177 2277 1304 2355 quis
1333 2293 1401 2335 ea
1435 2275 1729 2352 legatione
1759 2276 2115 2353 fungeretur.

527 2350 722 2418 Isdem
766 2358 1099 2418 consulibus
1138 2359 1494 2436 gymnasium
1539 2360 1656 2418 ictu
1700 2358 1946 2419 fulminis
1994 2360 2396 2437 conflagravit,
2453 2412 2455 2423 .

414 2441 799 2521 effigiesque
781 2460 839 2501 ιιι
872 2459 945 2501 eo
974 2442 1225 2501 Neronis
1258 2442 1328 2503 ad
1359 2442 1600 2502 informe
1629 2460 1733 2502 aes
1767 2442 2097 2521 liquefacta.
2161 2451 2220 2503 et
2243 2453 2398 2503 motu
2454 2440 2455 2471 ³

412 2535 604 2586 terrae
648 2525 884 2585 celebre
916 2523 1264 2605 Campaniae
1307 2526 1577 2604 oppidum
1606 2526 1842 2604 Pompei
1883 2535 2090 2603 magna
2131 2546 2207 2587 ex
2235 2536 2398 2606 parte

412 2612 652 2688 proruit.
714 2609 1101 2688 defunctaque
1140 2610 1312 2686 virgo
1354 2609 1610 2670 Vestalis
1652 2609 1880 2688 Laelia,
1923 2613 1980 2670 in
2021 2612 2182 2671 cuius
2209 2608 2399 2671 locum

345 2711 395 2754 ιο
417 2689 687 2753 Cornelia
720 2712 795 2751 ex
831 2692 1042 2752 familia
1074 2691 1390 2753 Cossorum
1422 2702 1587 2771 capta
1620 2702 1728 2752 est.

536 2774 639 2837 23.
688 2776 955 2836 Memmio
986 2776 1217 2857 Regulo
1255 2785 1314 2835 et
1344 2777 1640 2853 Verginio
1653 2776 1804 2839 Rufo
1842 2776 2175 2839 consulibus
2212 2784 2399 2837 ιιιιιιιιι

310 2896 325 2909 ·
410 2859 520 2920 sibi
569 2878 645 2919 ex
687 2860 960 2941 Poppaea
994 2846 1165 2919 filiam
1204 2860 1366 2920 Nero
1407 2856 1556 2919 ultra
1586 2861 1831 2923 mortale
1860 2859 2128 2938 gaudium
2173 2861 2400 2939 accepit

408 2943 839 3023 appellavitque
879 2932 1231 3021 Augustam,
1298 2944 1429 3004 dato
1473 2952 1530 3003 et
1571 2945 1882 3025 Poppaeae
1929 2944 2136 3005 eodem
2181 2960 2397 3021 cogno·
2450 2938 2451 2981 ἱ

407 3036 619 3088 mento.
682 3028 849 3091 locus
880 3029 1194 3105 puerperio
1230 3028 1459 3088 colonia
1491 3028 1722 3088 Antium
1750 3028 1883 3105 fnit,
1925 3027 2020 3087 ubi
2057 3030 2188 3107 ipse
2223 3047 2394 3105 gene-

264 3106 277 3115 ”
356 3139 383 3181 5
404 3121 564 3172 ratus
616 3120 757 3171 erat.
793 3161 798 3166 .
836 3112 943 3171 iam
998 3120 1230 3172 senatus
1275 3121 1496 3172 uterum
1538 3112 1849 3191 Poppaeae
1899 3111 2396 3173 commendaverat

408 3195 497 3257 dis
529 3204 781 3274 votaque
812 3194 1045 3273 publice
1084 3194 1486 3274 susceperat,
1501 3214 1648 3273 quae
1687 3196 2062 3274 multiplicata
2107 3196 2393 3257 exsoluta·
2448 3217 2449 3234 ι

408 3297 539 3357 que.
601 3287 659 3339 et
711 3277 937 3339 additae
991 3279 1450 3357 supplicationes
1487 3280 1887 3358 templumque
1931 3278 2294 3339 Fecundita'ti
2345 3286 2396 3339 et

408 3370 699 3423 certamen
738 3362 809 3422 ad
851 3362 1151 3441 exemplar
1191 3362 1471 3424 Actiacae
1517 3363 1819 3443 religionis
1849 3363 2180 3439 decretum,
2223 3372 2394 3442 utque

404 3441 801 3504 Fortunarum
809 3445 1039 3522 efligies
1069 3464 1280 3507 aureae
1320 3447 1378 3507 in
1421 3446 1571 3508 solio
1607 3444 1918 3527 Capitolini
1943 3446 2100 3507 Iovis
2127 3446 2394 3508 locaren·
2446 3436 2447 3488 ἕ
