2475 4000
712 178 920 225 mmm
949 179 1062 225 xv.
1096 178 1248 227 cn.
1273 176 1510 232 67—71.
1941 162 2110 233 J313

102 350 443 394 conversus
472 332 836 401 Gerellanum
882 331 1166 391 tribunum
1198 351 1324 392 cum
1365 332 1607 393 cohorte
1649 334 1883 393 militum
1921 336 2103 395 inmit-

100 420 181 479 tit
224 417 497 494 iubetque
549 418 891 494 praevenire
946 425 1187 475 conatus
1244 416 1529 475 consulis:
1584 428 1900 496 occuparet
1947 420 2106 479 velut

102 518 315 561 arcem
343 502 467 559 eius
485 544 502 575 ,
538 500 901 578 opprimeret
924 499 1208 559 delectam
1238 497 1619 576 iuventutem,
1659 502 1789 577 quia
1822 504 2098 563 Vestinus
2124 519 2154 559 5

103 581 461 646 inminentes
501 582 632 642 foro
674 583 852 643 aedes
886 582 1219 661 decoraque
1259 584 1494 643 servitia
1527 591 1586 641 et
1621 584 1748 661 pari
1785 594 1974 645 aetate
2003 587 2102 647 ha-

100 668 311 728 bebat.
376 675 579 727 cuncta
622 684 695 726 eo
736 667 833 726 die
870 668 1057 727 munia
1093 667 1351 726 consulis
1383 666 1726 745 impleverat
1756 671 2100 729 convivium-

105 770 229 831 que
264 750 620 827 celebrabat,
651 749 789 810 nihil
819 760 1079 810 metuens
1113 768 1183 811 an
1212 750 1620 813 dissimulando
1651 759 1827 824 metu,
1863 763 1988 811 cum
2019 755 2100 812 in·

102 837 310 913 gressi
352 835 563 895 milites
590 834 795 894 vocari
837 852 963 894 eum
994 852 1027 893 a
1047 834 1288 894 tribuno
1319 835 1540 894 dixere.
1601 834 1704 893 ille
1744 834 1879 892 nihil
1912 835 2102 895 demo-

100 930 273 979 ratus
320 920 579 994 exsurgit
620 927 677 977 et
720 920 907 977 omnia
952 918 1117 977 simul
1161 927 1578 997 properantur:
1627 916 1906 999 clauditur
1949 918 2178 979 cubi-10

107 1004 285 1078 culn,
322 1011 559 1080 praesto
590 1011 701 1060 est
706 1002 978 1078 medicus,
1010 1000 1418 1062 abscinduntur
1442 1020 1644 1079 venae,
1683 1002 1890 1078 vigens
1921 1001 2104 1061 adhuc

101 1086 329 1146 balneo
363 1086 636 1161 infertur,
680 1085 861 1145 calida
902 1103 1047 1163 aqua
1086 1094 1398 1162 mersatur,
1440 1086 1594 1159 nulla
1627 1085 1780 1145 edita
1809 1103 1959 1145 voce
1991 1102 2102 1163 qua

106 1178 305 1230 semet
352 1170 741 1227 miseraretur.
821 1168 1153 1228 circumdati
1201 1171 1427 1229 interim
1477 1170 1736 1228 custodia
1791 1170 1886 1246 qui
1939 1168 2138 1227 simul

108 1245 542 1328 discubuerant,
574 1270 685 1311 nec
712 1253 822 1310 nisi
854 1261 1133 1330 provecta
1166 1263 1342 1312 nocte
1373 1254 1570 1311 omissi
1601 1262 1761 1329 sunt,
1794 1262 2102 1331 postquam

106 1354 396 1417 pavorem
430 1352 657 1411 eorum,
704 1354 780 1395 ex
806 1352 1005 1395 mensa
1036 1336 1276 1395 exitium
1307 1338 1756 1415 opperientium,
1803 1344 1862 1395 et
1902 1338 2098 1412 imagi·
2121 1355 2174 1394 15

106 1430 283 1480 natus
328 1428 385 1477 et
430 1418 683 1478 inridens
718 1418 879 1479 Nero
922 1421 1073 1489 satis,
1108 1420 1380 1511 supplicii
1418 1420 1593 1479 luisse
1632 1420 1711 1479 ait
1752 1436 1857 1499 pro
1913 1419 2102 1498 epulis

110 1502 537 1564 consularibus.

238 1587 339 1647 ’70
381 1586 549 1646 Exim
579 1586 799 1647 Annaei
829 1586 1043 1646 Lucani
1084 1587 1322 1645 caedem
1363 1588 1624 1666 imperat.
1687 1588 1737 1646 is
1777 1587 2100 1665 profluente

112 1672 397 1748 sanguine
440 1669 537 1730 uhi
578 1671 903 1747 frigescere
946 1670 1128 1748 pedes
1160 1688 1474 1749 manusque
1503 1680 1562 1730 et
1591 1671 1862 1749 paulatim
1893 1666 1966 1731 ab
2001 1688 2098 1729 ex·

108 1756 315 1815 tremis
372 1754 585 1813 cedere
642 1755 897 1832 spiritum
936 1754 1161 1814 fervido
1216 1754 1401 1817 adhuc
1459 1762 1518 1813 et
1566 1762 1836 1831 compote
1895 1754 2100 1813 mentis

114 1846 359 1919 pectore
390 1838 693 1915 intellegit,
724 1838 1062 1898 recordatus
1098 1855 1328 1896 carmen
1370 1855 1401 1895 a
1431 1854 1494 1895 se
1526 1838 1938 1915 compositum,
1984 1853 2098 1915 quo

112 1922 476 1981 volneratum
524 1922 756 1981 militem
804 1939 910 2001 per
949 1923 1071 1980 eius
1116 1920 1269 1979 modi
1315 1920 1515 1978 mortis
1553 1920 1860 1995 imaginem
1903 1919 2100 1978 obisse
2125 1939 2152 1977 5

114 2004 445 2082 tradiderat,
479 2024 683 2065 versus
712 2009 875 2083 ipsos
910 2004 1149 2078 rettulit,
1188 2021 1374 2080 eaque
1408 2002 1492 2061 illi
1523 2001 1789 2081 suprema
1819 2020 1937 2061 vox
1976 2003 2097 2062 fuit.

116 2088 369 2147 Senecio
408 2089 651 2167 posthac
694 2097 753 2146 et
794 2089 1131 2163 Quintianus
1173 2095 1231 2146 et
1261 2085 1579 2158 Scaevinus
1623 2103 1737 2146 non
1783 2105 1858 2146 ex
1904 2088 2099 2165 priore

4 2208 6 2243 ;
116 2172 271 2227 vitae
302 2170 569 2246 mollitia,
599 2188 735 2229 mox
763 2170 971 2248 reliqui
1002 2170 1424 2230 coniuratorum
1456 2172 1718 2249 periere,
1753 2169 1912 2230 nullo
1942 2170 2098 2230 facto

119 2252 351 2321 dictove
380 2253 769 2314 memorando.

247 2336 345 2395 71.
410 2337 525 2396 Sed
568 2336 846 2414 compleri
900 2337 1124 2395 interim
1174 2335 1312 2395 urbs
1366 2336 1690 2412 funeribus,
1758 2335 2099 2414 Capitolium

120 2420 392 2488 victimis;
438 2419 582 2480 alius
614 2419 764 2496 filio,
806 2420 985 2478 fratre
1018 2420 1162 2480 alius
1191 2429 1286 2480 aut
1316 2422 1642 2499 propinquo
1677 2430 1772 2479 aut
1799 2421 1983 2480 amico
2015 2421 2098 2478 in-

120 2501 410 2579 terfectis,
464 2521 647 2580 agere
688 2512 887 2580 grates
923 2502 1081 2580 deis,
1136 2521 1344 2563 ornare
1391 2503 1554 2563 lauru
1595 2504 1856 2579 domum,
1911 2520 2099 2579 genua

119 2587 299 2665 ipsius
340 2586 573 2646 advolvi
619 2595 676 2646 et
718 2587 977 2649 dextram
1020 2588 1235 2647 osculis
1282 2588 1546 2664 fatigare.
1607 2595 1775 2666 atque
1819 2586 1920 2645 ille
1957 2604 2096 2662 gau·

122 2670 271 2729 dium
298 2671 356 2729 id
389 2670 633 2730 credens
663 2671 899 2730 Antonii
929 2670 1147 2730 Natalis
1180 2679 1239 2730 et
1271 2669 1529 2731 Cervarii
1560 2670 1792 2730 Proculi
1831 2671 2097 2731 festinata
2120 2694 2150 2733 5

119 2753 327 2813 indicia
350 2753 662 2832 inpunitate
686 2762 1094 2814 remuneratur.
1120 2745 1417 2831 ²Milichus
1443 2755 1709 2834 praemiis
1732 2753 1940 2813 ditatus
1966 2770 2098 2812 con-

122 2839 435 2897 servatoris
468 2836 575 2896 sibi
604 2853 844 2912 nomen,
890 2836 1115 2898 Graeco
1160 2840 1285 2897 eius
1312 2840 1397 2896 rei
1429 2836 1736 2914 vocabulo,
1765 2837 2099 2915 adsumpsit.

123 2939 161 2980 e
186 2919 423 2981 tribunis
446 2920 657 2988 Gavius
688 2921 981 2997 Silvanus,
1026 2925 1282 2999 quamvis
1309 2921 1638 2996 ahsolutuS,
1672 2939 1774 2981 sua
1806 2938 1974 2979 manu
2005 2937 2100 2978 ce-

125 3004 284 3073 cidit:
326 3005 536 3064 Statius
579 3003 876 3064 Proximus
919 3007 1170 3082 veniam,
1218 3023 1384 3083 (piam
1424 3004 1497 3065 ab
1539 3008 1892 3083 imperatore
1931 3021 2098 3064 acce-

121 3095 316 3166 perat,
366 3089 616 3148 vanitate
660 3089 845 3146 exitus
892 3090 1167 3166 corrupit.
1238 3089 1395 3147 exuti
1441 3088 1650 3148 dehinc
1689 3087 1972 3146 tribunatu
2002 3087 2034 3127 *
2065 3087 2096 3126 *
2117 3093 2171 3134 1⁰

124 3171 454 3250 Pompeius,
498 3170 806 3231 Cornelius
850 3170 1155 3247 Martialis,
1200 3171 1432 3230 Flavius
1461 3171 1694 3249 Nepos,
1740 3171 1954 3230 Statius
1982 3170 2098 3228 Do-

123 3255 336 3333 mitius,
371 3256 532 3334 quasi
606 3256 883 3332 rincipem
914 3271 1027 3314 non
1056 3255 1286 3353 quidem
1317 3255 1598 3331 odissent,
1629 3254 1740 3314 sed
1761 3263 1950 3313 tamen
1979 3255 2098 3314 exi-

127 3339 501 3398 stimarentur.
623 3339 758 3398 ovio
792 3338 991 3398 Prisco
1034 3357 1141 3418 per
1170 3339 1470 3398 amicitiam
1503 3340 1796 3413 Senecae,
1843 3346 1898 3396 et
1925 3337 2098 3398 Glitio

48 3419 59 3430 ‘
128 3419 289 3481 Gallo
332 3431 503 3499 atque
542 3421 731 3482 Annio
772 3422 1017 3482 Pollioni
1060 3422 1346 3482 infamatis
1379 3423 1564 3500 magis
1609 3439 1777 3500 quam
1819 3421 2100 3480 convictis
