2475 4000
343 210 421 272 12
854 221 1183 270 eonnnmr
1204 221 1436 269 ‘mern
1461 193 1843 280 sinnii-,mu

341 377 416 436 tia
445 376 711 450 iniretur,
756 384 815 434 ut
844 375 1103 451 singulos
1132 375 1401 434 denarios
1439 383 1758 450 mererent,
1803 382 2002 433 sextus
2040 375 2336 435 decumus

342 457 605 536 stipendii
630 475 804 516 annus
836 459 1004 517 finem
1033 457 1322 533 adferret,
1358 477 1430 516 ne
1465 458 1607 517 ultra
1649 457 2018 518 sub-vexillis
2049 467 2334 516 teneren-

270 565 323 604 20
341 551 461 616 tur,
486 549 592 600 set
632 541 814 600 isdem
860 543 917 600 in
958 543 1163 600 castris
1202 542 1512 621 praemium
1555 543 1797 618 pecunia
1835 541 2186 606 solveretur.
2257 559 2336 602 an

343 625 662 702 praetorias
693 623 997 702 cohortes,
1052 642 1197 702 quae
1240 624 1409 683 binos
1446 621 1712 683 denarios
1763 626 2126 702 acceperint,
2171 642 2332 702 quae

342 716 473 785 post
504 707 756 766 sedecim
786 725 965 768 annos
996 707 1298 787 penatibus
1328 709 1446 767 suis
1476 707 1815 783 reddantur,
1860 708 1989 786 plus
2023 708 2328 785 periculo-

338 809 459 850 rum
492 788 833 869 suscipere?
874 809 987 850 non
1035 789 1346 850 obtrectari
1393 809 1424 850 a
1460 807 1525 850 se
1560 791 1806 857 urbanas
1853 791 2164 851 excubias:
2211 791 2327 850 sibi

340 883 529 933 tamen
556 875 707 951 apud
736 869 997 934 horridas
1028 883 1236 950 gentes
1266 893 1299 934 e
1333 874 1720 934 contuberniis
1748 873 2204 952 hostem'aspici.

460 954 556 1016 18.
603 956 997 1035 Adstrepebat
1027 957 1257 1034 vulgus,
1291 958 1535 1016 diversis
1565 958 1975 1034 incitamentis,
2019 957 2078 1016 hi
2106 957 2322 1017 verbe-

337 1058 459 1099 rum
480 1049 667 1115 notas,
698 1039 783 1103 illi
809 1043 1091 1116 canitiem,
1107 1041 1349 1118 plurimi
1372 1041 1577 1100 detrita
1602 1042 1850 1117 tegmina
1875 1051 1934 1100 et
1954 1040 2162 1100 nudum
2189 1059 2322 1101 cor-

340 1141 443 1200 pus
476 1123 913 1202 exprobrantes.
976 1133 1270 1203 postremo
1301 1141 1376 1182 eo
1409 1123 1618 1183 furoris
1638 1142 1876 1201 venere,
1907 1133 1969 1184 ut
1987 1133 2108 1183 tres
2131 1124 2318 1201 legio-

336 1225 439 1266 nes
471 1209 718 1266 miscere
750 1209 806 1266 in
834 1209 1389 1284 unamagitaverint.
1457 1206 1683 1284 depulsi
1726 1207 2137 1286 aemulatione,
2185 1211 2318 1284 quia

292 1311 316 1350 5
343 1307 481 1349 suae
520 1293 761 1367 quisque
794 1291 1007 1368 legioni
1040 1310 1165 1350 eum
1196 1290 1474 1350 honorem
1507 1289 1892 1367 quaerebant,
1937 1291 2052 1352 alio
2088 1300 2320 1350 vertunt

262 1415 269 1420 κ
337 1383 505 1448 atque
537 1390 645 1430 una
674 1381 793 1431 tres
826 1375 1047 1450 aquilas
1079 1382 1135 1431 et
1169 1375 1332 1449 signa
1361 1373 1679 1433 cohortium
1707 1374 1930 1442 locant;
1973 1374 2140 1434 simul
2181 1391 2316 1432 con-

334 1462 542 1530 gerunt
582 1456 906 1532 caespites,
945 1464 1241 1514 exstruunt
1272 1457 1555 1532 tribunal,
1613 1475 1724 1534 quo
1769 1459 1952 1532 magis
1999 1459 2317 1535 conspicua

335 1536 507 1596 sedes
553 1537 723 1596 foret.
793 1531 1232 1613 properantibus
1281 1534 1524 1598 Blaesus
1559 1540 1818 1612 advenit,
1865 1538 2320 1616 increpabatque

336 1637 403 1678 ac
433 1618 719 1679 retinebat
758 1619 1044 1692 singulos,
1084 1617 1378 1677 clamitans
1420 1624 1582 1678 ‘mea
1625 1621 1815 1696 potius
1861 1621 2039 1678 caede
2083 1618 2318 1678 imbuite

269 1725 317 1766 10
336 1720 562 1759 manus:
598 1701 818 1759 leviore
851 1699 1066 1774 flagitio
1095 1697 1344 1772 legatum
1383 1701 1738 1758 interficietis
1773 1719 1938 1778 quam
1969 1700 2040 1760 ab
2073 1702 2316 1778 impera-

334 1794 461 1840 tore
494 1781 835 1840 desciscitis.
896 1792 990 1840 aut
1018 1780 1316 1839 incolumis
1346 1781 1517 1840 fidem
1554 1781 1844 1858 legionum
1881 1783 2181 1859 retinebo,
2223 1794 2320 1844 aut

335 1862 621 1942 iugulatus
652 1861 1048 1940 paenitentiam
1079 1863 1481 1923 adcelerabo.'

458 1946 552 2007 19.
600 1945 1006 2023 Aggerabatur
1051 1947 1226 2007 nihilo
1269 1948 1450 2007 minus
1495 1965 1742 2029 caespes
1797 1950 2022 2029 iamque
2085 1953 2317 2029 pectori

336 2031 461 2089 eius
494 2047 675 2108 usque
706 2032 1075 2106 adcreverat,
1110 2050 1235 2090 cum
1263 2032 1488 2091 tandem
1517 2034 1846 2109 pervicacia
1868 2036 2005 2093 victi
2025 2035 2318 2113 inceptum

336 2114 603 2172 omisere.
656 2112 895 2172 Blaesus
936 2116 1107 2174 multa
1149 2115 1376 2175 dicendi
1420 2124 1544 2175 arte
1585 2133 1698 2174 non
1739 2136 1846 2195 per
1887 2118 2224 2179 seditionem
2257 2128 2320 2179 et

335 2195 529 2255 turbas
565 2195 851 2255 desideria
880 2198 1113 2257 militum
1145 2200 1214 2257 ad
1251 2196 1561 2259 Gaesarem
1596 2198 1834 2259 ferenda
1865 2202 1963 2277 ait,
1998 2219 2186 2279 neque
2209 2220 2314 2261 ve-

290 2288 494 2341 5teres
525 2278 595 2337 ab
636 2280 1077 2355 imperatoribus
1118 2283 1327 2359 priscis
1365 2300 1556 2360 neque
1597 2284 1758 2361 ipsos
1803 2302 1836 2343 a
1874 2284 2005 2343 divo
2047 2284 2318 2360 Augusto

224 2426 227 2437 ,
333 2372 444 2421 tam
477 2379 623 2421 nova
656 2362 959 2442 petivisse3
998 2372 1055 2422 et
1076 2382 1274 2441 parum
1301 2366 1640 2443 intempore
1669 2368 2008 2445 incipientes
2033 2369 2318 2446 principis

334 2462 503 2504 curas
546 2448 793 2505 onerari.
862 2447 910 2505 si
957 2456 1145 2505 tamen
1194 2449 1498 2508 tenderent
1536 2450 1596 2507 in
1643 2468 1790 2528 pace
1833 2458 2115 2529 temptare
2161 2468 2314 2529 quae

330 2547 403 2587 ne
434 2529 696 2605 „civilium
738 2524 966 2607 quidem
1008 2529 1293 2589 bellorum
1335 2532 1588 2590 victores
1635 2534 2160 2611 expostulaverint,
2211 2552 2316 2593 cur

334 2620 533 2672 contra
562 2632 779 2673 morem
810 2613 1105 2691 obsequii,
1138 2621 1335 2672 contra
1366 2614 1452 2673 fas
1495 2616 1834 2694 disciplinae
1875 2618 1986 2676 vim
2033 2617 2316 2677 mediten-

264 2692 461 2757 10tur?
502 2696 885 2757 decernerent
915 2698 1143 2771 legatos
1174 2713 1354 2773 seque
1393 2715 1582 2758 coram
1627 2702 1886 2760 mandata
1928 2702 2145 2760 darent.
2211 2701 2312 2760 ad-

334 2778 660 2838 clamavere
703 2788 763 2838 ut
804 2780 951 2838 filius
995 2777 1185 2838 Blaesi
1229 2779 1484 2839 tribunus
1530 2783 1820 2860 legatione
1869 2802 1938 2843 ea
1973 2784 2314 2862 fungeretur

330 2870 672 2939 peteretque
694 2862 964 2921 militibus
985 2860 1314 2923 missionem
1339 2864 1408 2923 ab
1435 2866 1687 2926 sedecim
1717 2869 1907 2926 annis:
1941 2876 2134 2926 cetera
2155 2884 2310 2926 man-

330 2944 591 3021 daturos,
625 2944 719 3003 ubi
749 2947 927 3022 prima
966 2948 1389 3022 provenissent.
1472 2949 1738 3027 profecto
1779 2951 1986 3009 iuvene
2027 2950 2312 3010 modicum

331 3030 533 3087 otium:
576 3027 681 3087 sed
710 3028 1012 3106 superbire
1042 3029 1246 3105 miles,
1286 3032 1438 3109 quod
1481 3033 1628 3093 filius
1673 3032 1848 3109 legati
1885 3042 2081 3094 orator
2122 3033 2309 3112 publi-

262 3130 311 3171 15
334 3127 687 3171 caecausae
736 3114 875 3170 satis
918 3111 1252 3193 ostenderet
1293 3118 1641 3175 necessitate
1687 3133 1967 3195 expressa
2010 3110 2158 3195 q'uae
2200 3135 2312 3195 per

327 3193 661 3253 modestiam
694 3212 807 3253 non
836 3193 1230 3257 obtinuissent.
1669 3195 1673 3199 ’
2145 3243 2150 3249 -

447 3276 547 3337 20.
593 3277 817 3337 Interea
864 3280 1131 3358 manipuli
1180 3292 1311 3341 ante
1358 3291 1624 3360 coeptam
1661 3283 2000 3355 seditionem
2044 3282 2304 3361 Naupor-

326 3364 437 3429 tum
467 3362 623 3419 missi
662 3362 736 3421 ob
768 3362 969 3423 itinera
1003 3371 1061 3423 et
1094 3374 1303 3441 pontes
1340 3375 1398 3425 et
1439 3365 1586 3425 alios
1623 3384 1796 3443 usus,
1840 3376 2143 3445 postquam
2189 3376 2302 3425 tur-

322 3438 512 3501 batum
535 3446 590 3503 in
618 3447 818 3506 castris
844 3464 1154 3526 accepere,
1188 3447 1399 3508 vexilla
1425 3448 1755 3510 convellunt
1779 3450 2136 3528 direptisque
2170 3448 2304 3527 pro-
