2475 4000
376 222 491 284 138
892 232 1218 280 CORNELII
1243 231 1474 278 TAGITI
1497 232 1859 278 ANNALIUM

368 406 497 446 nem
526 403 744 460 veram,
778 384 1016 444 caelesti
1045 387 1322 461 sanguine
1361 374 1582 461 ortam,
1625 383 1968 460 intellegere
2013 385 2354 460 discrimen,

370 471 667 546 suscipere
704 468 927 528 sordes.
984 468 1193 528 frustra
1232 467 1532 528 Pulchram
1555 466 1894 547 praescribi,
1924 468 2014 526 cui
2035 468 2167 528 sola
2193 469 2355 528 exitii

370 570 542 612 causa
572 553 643 610 sit
673 551 825 629 quod
857 551 1235 629 Agrippinam
1266 552 1438 611 stulte
1468 569 1706 629 prorsus
1748 550 1818 610 ad
1860 549 2068 610 cultum
2108 551 2354 628 delege-

368 638 459 711 rit,
497 635 672 694 oblita
703 635 905 694 Sosiae
941 633 1017 694 ob
1048 635 1248 694 eadem
1279 635 1563 714 addictae.
1626 633 1809 693 audita
1837 633 1981 694 haec
2026 652 2218 694 raram
2251 651 2356 694 oc·

304 738 349 776 15
376 719 509 778 culti
555 719 810 796 pectoris
854 735 1056 777 vocem
1100 717 1382 794 elicuere,
1427 726 1868 795 correptamque
1917 716 2139 777 Graeco
2175 735 2358 776 versu

369 801 655 862 admonuit
684 819 798 860 non
836 800 966 860 ideo
998 800 1172 875 laedi,
1213 803 1342 878 quia
1374 818 1489 861 non
1517 809 1806 877 regnaret.
1867 799 2114 870 Pulchra
2130 809 2192 860 et
2213 799 2356 860 Fur-

368 887 491 944 nius
521 884 869 944 damnantur.
928 883 1071 942 Afer
1102 883 1446 961 primoribus
1469 893 1760 944 oratorum
1781 883 2021 958 additus,
2053 883 2356 960 divulgato

370 969 604 1045 ingenio
638 975 694 1025 et
726 975 921 1025 secuta
954 966 1393 1026 adseveratione
1427 966 1711 1043 Caesaris,
1743 985 1851 1044 qua
1881 984 1983 1025 suo
2016 969 2137 1025 iure
2167 966 2356 1026 diser-

368 1061 483 1111 tum
514 1068 641 1110 eum
672 1049 1004 1127 appellavit.
1058 1067 1194 1110 mox
1218 1050 1592 1128 capessendis
1617 1050 2074 1110 accusationibus
2099 1059 2195 1108 aut
2214 1069 2358 1109 reos

300 1155 352 1194 20
369 1133 599 1194 tutando
644 1134 1017 1211 prosperiore
1050 1133 1420 1212 eloquentiae
1453 1151 1618 1212 quam
1647 1150 1864 1192 morum
1893 1134 2040 1196 fama
2079 1133 2210 1210 fuit,
2243 1135 2358 1192 nisi

370 1217 525 1296 quod
550 1225 710 1276 aetas
748 1226 1005 1276 extrema
1034 1217 1266 1276 multum
1295 1217 1464 1277 etiam
1507 1215 1869 1294 eloquentiae
1901 1216 2174 1294 dempsit,
2221 1216 2358 1276 dum

368 1302 523 1361 fessa
564 1308 751 1358 mente
782 1303 991 1358 retinet
1019 1299 1231 1359 silentii
1259 1302 1662 1378 inpatientiam.

492 1382 593 1442 53.
634 1381 715 1440 At
750 1381 1077 1460 Agrippina
1119 1385 1400 1461 pervicax
1441 1385 1561 1442 irae
1607 1392 1665 1441 et
1709 1383 1912 1443 morbo
1960 1384 2224 1460 corporis
2267 1385 2356 1441 in-

368 1466 609 1542 plicata,
644 1481 768 1522 cum
802 1466 1017 1523 viseret
1060 1483 1186 1524 eam
1215 1466 1458 1543 Caesar,
1498 1466 1750 1544 profusis
1791 1465 1888 1525 diu
1927 1484 1996 1526 ac
2042 1484 2146 1544 per
2175 1465 2354 1524 silen-

365 1550 500 1606 tium
540 1545 825 1620 lacrimis,
865 1564 1001 1606 mox
1045 1548 1312 1608 invidiam
1363 1558 1420 1607 et
1473 1567 1682 1627 preces
1725 1549 1973 1610 orditur:
2017 1550 2356 1608 subveniret

366 1629 683 1705 solitudini,
718 1627 877 1688 daret
907 1631 1192 1700 maritum
1238 1631 1486 1692 habilem
1521 1632 1707 1692 adhuc
1746 1634 2031 1694 iuventam
2063 1631 2208 1708 sibi,
2251 1651 2354 1690 ne-

318 1740 343 1778 s
370 1732 481 1792 que
512 1711 663 1772 aliud
693 1711 893 1790 probis
924 1730 1090 1791 quam
1122 1732 1197 1773 ex
1224 1716 1579 1775 matrimonio
1613 1715 1916 1786 solacium
1962 1734 2096 1776 esse
2123 1717 2182 1774 in
2213 1717 2354 1774 civi-

368 1805 505 1870 tate,
542 1795 645 1873 qui
677 1795 819 1856 divo
843 1793 1117 1874 Auyusto
1146 1801 1382 1874 ortam,
1415 1798 1737 1860 Germanici
1767 1800 2072 1876 coniugem
2101 1817 2171 1859 ac
2201 1799 2348 1858 libe·

367 1897 467 1938 ros
497 1879 618 1938 eius
638 1881 907 1964 recipere
935 1879 1322 1958 dignarentur.
1375 1881 1479 1941 sed
1503 1880 1721 1943 Caesar
1744 1900 1858 1942 non
1881 1885 2144 1959 ignarus,
2169 1900 2352 1960 quan-

367 1972 482 2023 tum
512 1980 587 2021 ex
619 1980 681 2023 se
720 1971 1047 2041 peteretur,
1096 1983 1166 2024 ne
1213 1973 1402 2026 tamen
1433 1965 1768 2027 offensionis
1807 1975 1902 2027 aut
1945 1975 2130 2027 metus
2175 1967 2352 2028 mani-

368 2048 547 2107 festus
576 2047 757 2123 foret,
803 2043 924 2113 sine
958 2065 1245 2127 responso
1274 2068 1612 2128 quamquam
1653 2052 1952 2111 instantem
1980 2050 2232 2127 reliquit.
2297 2048 2354 2109 id

301 2151 349 2191 ιο
369 2148 505 2207 ego,
545 2148 576 2188 a
608 2130 985 2208 scriptoribus
1014 2132 1296 2193 annalium
1329 2152 1443 2194 non
1475 2133 1769 2211 traditum,
1820 2134 2062 2212 repperi
2099 2136 2156 2193 in
2193 2152 2350 2194 com-

366 2212 657 2271 mentariis
684 2210 1039 2290 Agrippinae
1072 2216 1245 2293 filiae,
1272 2235 1418 2294 quae
1447 2216 1696 2277 Neronis
1728 2212 2006 2295 principis
2046 2226 2228 2277 mater
2269 2219 2350 2274 vi·

366 2304 478 2353 tam
506 2312 662 2353 suam
695 2303 753 2353 et
784 2312 953 2355 casus
981 2315 1212 2358 suorum
1243 2301 1494 2378 posteris
1527 2303 1882 2363 memoravit.

491 2378 590 2437 54.
651 2376 919 2437 Ceterum
970 2380 1211 2440 Seianus
1265 2392 1614 2443 maerentem
1661 2392 1720 2442 et
1777 2383 2134 2462 inprovidam
2178 2382 2350 2442 altius

365 2458 643 2539 perculit,
690 2462 955 2520 immissis
985 2464 1080 2539 qui
1110 2482 1217 2540 per
1250 2468 1507 2543 speciem
1537 2466 1830 2526 amicitiae.
1851 2473 2145 2528 monerent
2177 2482 2348 2541 para-

364 2550 481 2603 tum
511 2543 563 2602 ei
595 2547 910 2620 venenum,
953 2545 1211 2606 vitandas
1245 2552 1437 2608 soceri
1479 2549 1701 2627 epulas.
1767 2559 1940 2629 atque
1983 2550 2080 2610 illa
2117 2548 2348 2608 simula-

364 2628 575 2685 tionum
605 2629 834 2703 nescia,
881 2645 1005 2686 cum
1037 2638 1280 2707 propter
1307 2626 1720 2709 discumberet,
1761 2651 1874 2692 non
1917 2633 2076 2693 vultu
2107 2642 2198 2691 aut
2225 2650 2352 2693 ser-

316 2732 343 2771 5
362 2726 535 2769 mone
566 2710 751 2785 flecti,
780 2710 971 2770 nullos
1007 2713 1293 2789 attingere
1325 2714 1521 2794 cibos,
1567 2716 1758 2775 donec
1789 2717 2034 2777 advertit
2062 2716 2354 2791 TiberiuS,

365 2794 518 2853 forte
547 2810 619 2852 an
649 2795 777 2871 quia
806 2792 1129 2863 audiverat;
1163 2796 1337 2873 idque
1369 2816 1484 2877 quo
1517 2802 1704 2859 acrius
1734 2802 2126 2878 experiretur,
2156 2802 2352 2877 poma,

365 2884 423 2934 ut
458 2885 617 2934 erant
646 2875 941 2953 adposita,
977 2876 1213 2939 laudans
1238 2884 1402 2941 nurui
1437 2900 1539 2943 sua
1576 2901 1742 2943 manu
1771 2883 2017 2943 tradidit.
2081 2890 2248 2942 aucta
2277 2900 2360 2941 ex

366 2976 439 3018 eo
484 2960 720 3036 suspitio
752 2959 1146 3039 Agrippinae,
1188 2972 1249 3022 et
1289 2963 1500 3026 intacta
1544 2984 1650 3026 ore
1688 2967 1876 3027 servis
1905 2967 2174 3027 tramisit.
2241 2984 2360 3025 nec

364 3050 549 3101 tamen
595 3040 811 3101 Tiberii
849 3058 968 3101 vox
1008 3061 1203 3105 coram
1249 3057 1480 3125 secuta,
1525 3049 1630 3109 sed
1675 3049 1958 3110 obversus
1997 3050 2071 3110 ad
2112 3058 2360 3109 matrem

176 3198 193 3213 .
296 3138 345 3178 ιο
366 3141 478 3183 non
525 3125 723 3183 mirum
766 3126 873 3201 ait,
922 3127 969 3185 si
1007 3127 1141 3205 quid
1185 3133 1447 3191 severius
1497 3134 1554 3191 in
1605 3151 1731 3194 eam
1775 3135 2102 3209 statuisset,
2157 3151 2190 3192 a
2239 3150 2362 3210 qua

363 3208 631 3267 veneficii
666 3208 1104 3270 insimularetur.
1164 3214 1297 3273 inde
1327 3232 1521 3275 rumor
1554 3218 1746 3294 parari
1775 3218 2040 3293 exitium,
2071 3234 2264 3295 neque
2295 3215 2362 3275 id

362 3290 767 3387 imperatorem
824 3292 1013 3371 palam
1080 3296 1327 3373 audere,
1396 3309 1685 3359 secretum
1755 3299 1828 3358 ad
1903 3299 2358 3379 perpetrandum

366 3389 583 3448 quaeri.

485 3456 586 3514 55.
634 3458 748 3517 Sed
788 3451 1005 3521 Caesar
1050 3479 1164 3539 quo
1202 3463 1410 3523 famam
1453 3473 1772 3543 averteret,
1819 3467 2028 3527 adesse
2068 3467 2358 3544 frequens
2467 3504 2475 3519 ι
