2475 4000
445 185 571 247 302
679 183 681 186 ’
924 193 1258 244 coenem
1285 160 1910 266 uerr‘rmnamun
1976 178 1979 186 '

256 415 263 427 ¹
326 421 331 426 .
380 329 615 415 10h'onis
670 346 885 408 artibus
932 365 1051 408 non
1098 347 1394 408 induerat(
1447 349 1755 412 ferebatur
1801 352 2052 428 Seneca,
2110 328 2233 430 nuo
2287 353 2408 424 invi,-

277 1843 292 1851 ”
377 1871 427 1912 ιο
446 1871 653 1934 perare
694 1842 1068 1927 contendunt,
1109 1849 1398 1914 Cumanis
1415 1853 1678 1914 litoribus
1714 1857 1928 1935 inpacti
1953 1857 2266 1922 triremium
2293 1852 2399 1931 ple-

444 433 593 492 diam
633 432 927 506 sacrilegii
966 449 1001 491 a
1040 441 1229 493 semet
1259 441 1580 510 averteret,
1622 433 2094 512 longinquitatis
2126 453 2408 504 secessum

444 517 701 576 oravisse
716 555 750 591 ,.
780 524 839 573 et
881 523 1185 593 postquam
1221 534 1337 575 non
1383 517 1844 593 concedebatur,
1905 519 2038 579 ficta
2073 517 2409 594 valetudine,

383 617 391 620 ·
444 601 603 678 quasi
632 616 811 675 aeger
840 601 1069 676 nervis,
1114 597 1436 668 cubiculum
1465 618 1580 661 non
1621 619 1916 676 egressus.
1977 601 2272 670 tradidere
2305 603 2408 679 qui·

444 684 573 743 dam
608 699 887 749 venenum
918 683 973 742 ei
1015 700 1122 760 per
1162 681 1428 743 libertum
1457 683 1666 762 ipsius,
1713 687 1802 748 cui
1845 702 2054 746 nomen
2089 684 2408 759 Cleonicus,

378 787 425 826 15
446 776 701 846 paratum
757 768 913 824 iussu
956 765 1207 826 Neronis
1253 767 1598 845 vitatumque
1645 787 1679 830 a
1721 769 1946 832 Seneca
1993 769 2318 847 proditione
2355 769 2408 826 li-

445 851 590 910 berti
630 869 735 910 seu
768 851 1005 928 propria
1040 849 1377 926 formidine,
1425 851 1553 910 dum
1587 852 1945 1012 persimplici
1977 853 2138 914 victu
2173 861 2231 912 et
2255 871 2405 929 agre-

444 935 625 994 stibus
654 934 874 1011 pomis,
920 951 991 994 ac
1032 933 1083 992 si
1122 933 1248 993 sitis
1287 933 1618 1004 admoneret
1695 951 1802 1015 pro
1845 945 2017 996 uente
2047 955 2212 1015 aqua
2252 938 2408 994 vitam

443 1017 670 1079 tolerat.
748 1023 752 1035 '

568 1102 669 1162 46.
724 1100 834 1160 Per
884 1099 1034 1160 idem
1080 1109 1306 1180 tempus
1349 1100 1706 1178 gladiatores
1741 1081 1906 1180 apud
1937 1103 2217 1201 oppidum
2252 1101 2404 1162 Prae-

442 1195 606 1246 neste
637 1192 909 1262 temptata
938 1185 1239 1263 eruptione
1275 1185 1562 1270 praesidio
1605 1186 1830 1261 militis,
1879 1188 1977 1264 qui
2019 1195 2220 1248 custos
2259 1185 2401 1246 ades·

445 1279 565 1345 set,
599 1269 839 1328 coerciti
872 1277 1033 1344 sunt,
1078 1269 1189 1328 iam
1224 1261 1560 1347 Spartacum
1603 1277 1663 1328 et
1692 1279 1888 1330 vetera
1921 1271 2074 1332 mala
2101 1269 2402 1330 rumoribus

444 1355 667 1413 ferente
698 1351 949 1430 populu,
990 1361 1051 1411 ιιι
1094 1360 1185 1412 est
1225 1370 1498 1412 novarum
1541 1371 1732 1414 rerum
1777 1355 2014 1432 cupiens
2047 1353 2401 1432 pavidusque.

394 1457 425 1498 s
445 1455 555 1494 nec
585 1435 759 1494 multo
788 1445 926 1513 post
944 1435 1144 1496 clades
1166 1437 1252 1496 rei
1275 1435 1492 1497 navalis
1512 1439 1816 1521 accipitur,
1853 1455 1966 1499 ιιοιι
1987 1437 2150 1498 bello
2177 1438 2401 1516 (quippe

445 1519 593 1578 haud
628 1518 767 1578 alias
796 1527 909 1578 tam
938 1521 1165 1578 immota
1194 1519 1378 1596 pax),
1419 1519 1522 1580 sed
1555 1529 1772 1580 certum
1803 1521 1878 1580 ad
1909 1520 2110 1580 diem
2093 1540 2154 1580 ιιι
2184 1519 2400 1596 Campa-

350 1618 355 1628 ··
443 1603 591 1662 niam
624 1601 813 1660 redire
847 1601 1091 1660 classem
1120 1601 1280 1662 Nero
1310 1604 1588 1679 iusserat,
1627 1620 1742 1664 non
1773 1607 2034 1682 exceptis
2069 1607 2244 1664 maris
2277 1603 2399 1674 casi-

327 1693 339 1706 '
383 1688 570 1747 hus.
632 1701 774 1760 ergo
806 1683 1256 1760 gubernatores,
1299 1689 1554 1764 quamvis
1597 1689 1892 1749 saeviente
1922 1687 2175 1766 pelago,
2219 1706 2250 1748 a
2279 1686 2400 1745 For-

440 1771 571 1830 miis
594 1784 863 1846 movere,
898 1777 956 1827 et
982 1769 1148 1848 gravi
1178 1768 1418 1846 Africo,
1467 1769 1596 1830 dum
1619 1773 2066 1850 promunturium
2093 1771 2295 1832 Miseni
2323 1787 2398 1827 su-

442 1955 655 2016 rasque
686 1945 744 1995 et
772 1937 989 1995 minora
1018 1937 1252 2014 navigia
1281 1939 1494 2015 passim
1521 1937 1850 2001 amiserunt.

566 2024 669 2083 47.
721 2020 863 2080 Fine
893 2023 1021 2081 anni
1051 2021 1680 2099 volgantunprodigia,
1722 2023 2110 2083 inminentium
2141 2021 2397 2081 malorum

442 2108 654 2165 nuntia.
717 2107 804 2163 vis
848 2104 1135 2198 fulgurum
1174 2122 1291 2165 non
1329 2106 1472 2167 alias
1517 2105 1813 2181 crebrior,
1849 2116 1911 2169 et
1951 2106 2114 2167 sidus
2129 2112 2394 2174 cometes,

446 2190 721 2265 sanguine
760 2188 1019 2247 inlustri
1024 2207 1256 2266 semper
1295 2188 1520 2249 Neroni
1563 2191 1877 2267 expiatum
1946 2189 2216 2267 bicipites
2242 2186 2394 2247 homi-

412 2290 575 2331 num
618 2271 934 2331 aliorumve
974 2272 1294 2332 animalium
1334 2282 1532 2351 partus
1573 2273 1786 2335 abiecti
1817 2275 1874 2333 in
1906 2272 2200 2352 publicum
2241 2269 2392 2333 autin
2444 2276 2445 2317 ἲ

397 2374 423 2415 5
446 2350 785 2431 sacrificiis,
793 2355 997 2433 quibus
1026 2355 1294 2433 gravidas
1325 2356 1542 2417 hostias
1571 2357 1850 2421 inmolare
1881 2374 2008 2417 mos
2039 2364 2154 2433 est,
2184 2350 2390 2432 reperti.
2444 2356 2445 2413 ξ

446 2447 503 2498 et
542 2440 599 2497 in
640 2456 785 2515 agro
818 2439 1151 2499 Placentino
1178 2441 1331 2499 viam
1365 2449 1606 2517 propter
1646 2450 1812 2501 natus
1841 2440 2084 2516 vitulus,
2127 2439 2218 2500 cui
2247 2440 2392 2511 caput
2444 2430 2445 2475 ¹

442 2524 501 2582 in
542 2540 707 2582 crure
750 2531 935 2591 esset;
988 2531 1304 2600 secutaque
1347 2522 1710 2603 haruspicum
1745 2484 2178 2603 interpretatio
2165 2568 2184 2599 ,
2229 2515 2390 2599 parari
2444 2546 2445 2609 3

442 2624 633 2666 rerum
670 2606 1033 2667 humanarum
1072 2606 1225 2666 aliud
1257 2615 1458 2685 caput,
1489 2608 1594 2671 sed
1632 2624 1750 2669 ιιοιι
1789 2608 1920 2670 fore
1949 2606 2202 2668 validum
2227 2615 2389 2678 neque
2444 2624 2445 2671 ξ

446 2690 760 2765 occultum,
798 2693 927 2767 qnia
952 2693 1009 2751 in
1040 2698 1205 2765 utero
1233 2708 1564 2769 repressum
1593 2700 1686 2750 aut
1712 2694 1824 2750 iter
1847 2692 2004 2759 iuxta
2033 2690 2240 2753 editum
2267 2686 2346 2745 sit.
2444 2742 2445 2761 ἶ

564 2774 665 2834 48.
724 2772 925 2833 Ineunt
976 2774 1180 2833 deinde
1236 2774 1588 2835 consulatum
1637 2774 1810 2835 Silius
1855 2772 2050 2833 Nerva
2095 2782 2157 2832 et
2191 2770 2388 2831 Atticus
2444 2770 2445 2837 ζ

442 2856 749 2933 Vestinus,
784 2866 992 2937 coepta
1021 2857 1184 2917 simul
1212 2866 1288 2917 et
1299 2867 1464 2919 aucta
1493 2858 1919 2934 coniuratione,
1949 2859 2010 2917 in
2037 2875 2202 2935 quam
2231 2858 2389 2913 certa·
2443 2894 2445 2957 j

442 2942 541 3001 tim
580 2942 808 3002 nomina
849 2940 1124 3001 dederant
1168 2950 1468 3003 senatores
1513 2959 1692 3019 eques
1721 2942 1912 3019 miles,
1954 2942 2198 3013 feminae
2222 2937 2388 3004 etiam,
2444 2960 2445 3005 ι

446 3042 571 3084 cum
600 3024 731 3085 odio
761 3024 1037 3101 Neronis,
1074 3034 1190 3085 tum
1228 3024 1432 3087 favore
1475 3027 1533 3085 in
1578 3024 1644 3085 C.
1675 3026 1958 3085 Pisonem.
2012 3026 2062 3085 is
2105 3017 2387 3111 Calpurnio
2444 3010 2445 3065 l

398 3132 423 3173 s
446 3126 665 3186 genere
702 3118 858 3169 ortus
896 3127 967 3169 ac
1012 3109 1213 3169 multas
1260 3107 1632 3187 insignesque
1671 3109 1912 3169 familias
1941 3118 2176 3187 paterna
2210 3098 2385 3163 nobili·
2443 3180 2445 3185 ¹

442 3201 561 3254 tate
592 3192 958 3272 complexus,
990 3192 1149 3252 claro
1180 3192 1334 3269 apud
1360 3192 1596 3269 volgum
1618 3211 1846 3254 rumore
1878 3202 2002 3253 erat
2025 3210 2130 3271 per
2152 3190 2384 3251 virtutem

371 3274 389 3289 ⁸
445 3284 541 3335 aut
566 3279 797 3355 species
820 3276 1123 3343 virtutihus
1150 3276 1384 3337 similes.
1443 3294 1684 3354 namque
1728 3276 2044 3340 facundiam
2083 3270 2294 3335 tuendis
2321 3264 2382 3323 ci·
2444 3296 2445 3325 ι

442 3359 609 3419 vibus
662 3359 1010 3435 exercebat,
1054 3360 1429 3436 largitionem
1471 3360 1772 3421 adversum
1813 3364 2059 3433 amicos,
2103 3366 2162 3417 et
2195 3346 2382 3429 ignotis
2444 3390 2445 3397 ,

446 3459 675 3519 quoque
720 3444 869 3503 comi
908 3460 1173 3503 sermone
1204 3452 1265 3503 et
1307 3460 1652 3520 congressu;
1697 3443 1930 3506 aderant
1965 3444 2129 3503 etiam
2155 3433 2380 3503 fortuita,
2444 3492 2445 3497 ,

2443 3616 2446 3707 l
