2475 4000
478 25 503 68 ο

432 187 548 248 142
574 174 581 185 ’
681 163 687 168 “
946 194 1279 245 cosmam
1297 193 1528 241 'rAcrr1
1551 191 1920 240 ANNALIUM

548 353 648 413 61.
692 351 835 410 Fine
878 351 1007 410 anni
1048 365 1364 408 excessere
1403 347 1662 422 insignes
1701 347 1805 406 viri
1845 341 2080 405 Asinius
2123 344 2468 424 Agrippa,

424 435 597 495 claris
640 434 949 494 maioribus
994 451 1161 511 quam
1206 433 1448 490 vetustis
1487 431 1722 508 vitaque
1762 447 1876 489 non
1906 430 2206 506 degener,
2273 437 2346 488 et
2383 431 2463 505 Q.

421 519 706 594 Haterius,
738 517 951 578 familia
982 517 1288 590 senatoria,
1323 515 1722 592 eloquentiae,
1765 517 1875 592 qua
1921 513 1992 574 ad
2034 514 2218 591 vixit,
2281 515 2468 573 cele-

422 602 652 662 bratae:
682 605 1027 662 monimenta
1057 600 1253 677 ingeni
1288 601 1412 658 eius
1441 597 1590 657 haud
1620 598 1864 676 perinde
1891 557 2236 657 retinentur.
2335 600 2464 657 sci-

372 687 557 748 slicet
584 688 801 764 impetu
828 685 1013 761 magis
1042 700 1210 762 quam
1244 701 1379 743 cura
1419 681 1684 759 vigebat;
1733 691 1908 761 utque
1951 682 2196 741 alim-um
2245 682 2461 740 medi-

422 773 561 830 tatio
593 779 651 829 et
680 768 847 829 labor
880 771 938 828 in
971 775 1266 867 posterum
1291 766 1568 842 valescit,
1606 768 1691 825 sic
1718 765 1938 826 Haterii
1971 781 2254 825 canorum
2297 766 2466 825 illud

422 865 494 924 et
514 854 807 933 profluens
841 871 969 912 cum
1007 854 1137 930 ipso
1174 851 1341 910 simul
1369 852 1680 909 extinctum
1711 859 1818 910 est.

544 939 643 998 62.
687 937 763 1000 Μ.
802 936 1019 997 Licinio
1060 935 1121 994 L.
1168 933 1482 1016 Calpurnio
1535 933 1870 994 consulibus
1922 933 2246 1010 ingentium
2318 934 2460 994 bel·

418 1022 605 1082 lorum
635 1019 856 1081 cladem
886 1021 1154 1098 aequavit
1182 1018 1435 1078 malum
1417 1013 1804 1096 inprovisum:
1847 1017 1972 1076 eius
1997 1018 2224 1076 initium
2260 1020 2458 1078 simul

420 1115 478 1166 et
505 1107 631 1165 finis
662 1107 899 1166 exstitit
956 1123 1085 1163 nam
1110 1111 1325 1181 coepto
1359 1101 1510 1182 apud
1535 1101 1808 1162 Fidenam
1838 1100 2273 1180 amphitheatro
2311 1103 2456 1163 Ati-

417 1191 527 1250 lius
558 1190 785 1268 quidam
828 1188 1079 1248 libertini
1118 1189 1390 1264 generiS,
1433 1203 1546 1264 quo
1595 1185 1988 1274 specta-culum
2029 1185 2456 1261 gladiatorum

371 1300 395 1338 5
423 1274 783 1349 celebraret,
834 1289 1025 1351 neque
1075 1271 1438 1330 fundamenta
1473 1287 1582 1349 per
1611 1266 1853 1330 solidum
1891 1268 2170 1345 subdidit,
2227 1288 2458 1349 neque

418 1359 591 1416 firmis
632 1356 879 1416 nexibus
920 1357 1171 1432 ligneam
1214 1372 1556 1434 compagem
1599 1357 2016 1432 superstruxit,
2063 1362 2124 1412 ut
2165 1355 2274 1430 qui
2321 1373 2454 1414 non

418 1439 759 1500 abundantia
789 1441 1072 1518 pecuniae
1120 1457 1233 1502 nec
1271 1437 1600 1517 municipali
1646 1437 1991 1513 ambitione,
2043 1436 2146 1497 sed
2195 1439 2258 1496 in
2307 1454 2452 1498 sor·

416 1522 603 1601 didam
640 1522 967 1582 mercedem
1007 1522 1065 1581 id
1106 1525 1400 1598 negotium
1444 1522 1847 1601 quaesivisset.
1923 1520 2226 1581 adfluxere
2279 1524 2454 1582 avidi

384 1603 386 1608 ’
414 1605 637 1682 talium,
668 1607 1032 1684 imperitante
1062 1605 1299 1665 Tiberio
1332 1606 1538 1685 procul
1567 1604 1957 1685 voluptatibus
1992 1604 2206 1681 habiti,
2250 1607 2452 1666 virile

348 1712 398 1753 10
420 1709 489 1751 ac
517 1689 797 1750 muliebre
830 1707 1024 1766 secus,
1056 1691 1239 1749 omnis
1271 1699 1453 1766 aetas,
1487 1689 1562 1749 ob
1594 1690 2086 1769 propinquitatem
2117 1689 2251 1748 loci·
2288 1691 2452 1750 effu-

415 1777 563 1844 sius;
598 1774 747 1834 unde
777 1775 1014 1851 gravior
1046 1775 1230 1851 pestis
1257 1774 1379 1850 fuit,
1419 1774 1680 1834 conferta
1708 1773 1892 1850 mole,
1934 1772 2066 1832 dein
2087 1773 2450 1850 -convulsa,

414 1859 543 1918 dum
574 1861 683 1918 ruit
719 1861 872 1918 intus
905 1867 997 1917 aut
1042 1858 1101 1916 in
1143 1854 1436 1917 exteriora
1480 1855 1784 1917 effunditur
1824 1859 2260 1934 inmensamque
2319 1861 2448 1917 vim

412 1943 760 2020 mortalium,
814 1941 1151 2021 spectaculo
1208 1943 1460 2015 intentos
1523 1950 1619 2001 aut
1667 1943 1761 2021 qui
1812 1941 2028 2001 circum
2085 1940 2444 2017 adstabant,

415 2044 706 2108 praee'eps
736 2027 909 2087 trahit
940 2035 1111 2105 atque
1144 2028 1352 2105 operit.
1416 2034 1472 2085 et
1503 2025 1585 2084 illi
1617 2026 1862 2104 quidem,
1891 2044 2038 2104 quos
2067 2028 2448 2105 principium

290 2176 301 2182 ,
348 2135 397 2177 ιι»
414 2114 625 2187 stragis
654 2114 709 2170 in
740 2120 980 2170 mortem
1005 2110 1320 2186 adflixerat,
1353 2118 1412 2170 ut
1435 2109 1533 2169 tali
1559 2119 1739 2186 sorte,
1775 2112 2086 2169 cruciatum
2113 2110 2446 2187 effugere:

412 2194 723 2253 miserandi
768 2196 953 2269 magis
996 2212 1139 2273 quos
1182 2193 1422 2273 abrupta
1463 2202 1626 2272 parte
1673 2194 1942 2272 corporis
1990 2194 2248 2253 nondum
2305 2198 2446 2255 vita

414 2278 777 2346 deseruerat;
833 2279 927 2354 qui
979 2296 1087 2355 per
1133 2278 1283 2360 diem
1331 2280 1488 2353 visu,
1539 2295 1646 2355 per
1695 2287 1922 2337 noctem
1981 2276 2306 2338 ululatibus
2377 2289 2448 2337 et

412 2363 631 2438 gemitu
665 2363 951 2437 coniuges
986 2370 1082 2421 aut
1106 2360 1330 2421 liberos
1361 2360 1702 2421 noscebant.
1761 2364 1872 2421 iam
1910 2362 2090 2421 ceteri
2128 2361 2282 2421 fama
2321 2382 2444 2421 ex-

416 2446 537 2521 citi,
569 2445 663 2504 hic
691 2446 958 2521 fratrem,
1010 2446 1390 2523 propinquum
1422 2446 1553 2521 ille,
1595 2444 1742 2505 alius
1785 2455 2055 2524 parentes
2081 2444 2442 2504 lamentari.

341 2548 393 2589 20
414 2532 584 2589 etiam
614 2547 855 2607 quorum
883 2527 1112 2588 diversa
1144 2528 1215 2587 de
1251 2546 1422 2587 causa
1451 2530 1617 2587 amici
1653 2539 1748 2588 aut
1778 2530 2094 2599 necessarii
2137 2526 2442 2604 aberant,

411 2632 629 2693 pavere
660 2623 846 2673 tamen
865 2636 879 2683 ;
912 2611 1233 2689 nequedum
1266 2622 1565 2689 comperto
1599 2629 1745 2689 quos
1773 2613 1874 2673 illa
1910 2615 1998 2671 vis
2033 2610 2438 2691 perculisset,

409 2698 581 2757 latior
611 2715 685 2757 ex
714 2700 938 2757 incerto
968 2705 1173 2755 metus.

534 2782 634 2841 63.
673 2782 751 2842 Ut
781 2798 1036 2859 coepere
1068 2778 1348 2838 dimoveri
1380 2777 1600 2855 obruta,
1634 2797 1950 2840 concursus
1995 2779 2065 2840 ad
2109 2781 2444 2841 exanimos

412 2865 949 2943 complectentium,
1006 2864 1413 2932 osculantium
1469 2872 1528 2922 et
1569 2880 1747 2943 saepe
1797 2874 2126 2938 certamen,
2177 2866 2232 2922 si
2275 2882 2442 2925 con-

410 2950 594 3009 fusior
620 2948 831 3022 facies,
881 2947 985 3007 sed
1026 2966 1133 3025 par
1173 2948 1359 3007 forma
1411 2956 1505 3006 aut
1543 2957 1704 3008 aetas
1752 2954 2009 3008 errorem
2039 2946 2444 3024 adgnoscen-

410 3032 561 3091 tibus
609 3032 848 3091 fecerat.
920 3032 1329 3110 quinquaginta
1374 3030 1660 3091 homintim
1700 3032 1856 3092 milia
1904 3050 1974 3092 eo
2026 3048 2164 3091 casu
2204 3032 2444 3093 debili-

365 3134 391 3173 5
414 3125 529 3175 tata
570 3115 666 3173 vel
708 3114 918 3175 obtrita
962 3124 1117 3184 sunt;
1164 3123 1502 3193 cautumque
1542 3117 1600 3174 in
1641 3124 1934 3193 posterum
1986 3124 2224 3175 senatus
2275 3134 2442 3177 con-

409 3199 582 3275 sulto,
611 3217 685 3257 ne
720 3201 845 3277 quis
877 3199 1281 3275 gladiatorium
1311 3218 1512 3259 munus
1543 3199 1764 3276 ederet,
1805 3204 1896 3261 cui
1923 3201 2115 3260 minor
2139 3200 2439 3279 quadrin-

408 3292 711 3359 gentorum
740 3282 949 3343 milium
980 3302 1105 3360 res,
1148 3302 1296 3343 neve
1343 3282 1814 3362 amphitheatrum
1855 3287 2260 3363 imponeretur
2306 3288 2438 3345 nisi

410 3366 540 3425 solo
578 3366 854 3427 firmitatis
884 3377 1201 3446 spectatae.
1272 3365 1482 3426 Atilius
1517 3370 1574 3426 in
1603 3369 1836 3451 exilium
1866 3377 2026 3429 actus
2071 3377 2177 3428 est.
2251 3379 2432 3429 cete·

409 3467 532 3509 rum
564 3448 670 3509 sub
699 3462 993 3512 recentem
1023 3452 1247 3513 cladem
1276 3459 1516 3529 patuere
1548 3470 1856 3531 procerum
1890 3453 2112 3530 domus,
2143 3453 2432 3514 fomenta
