2475 4000
708 174 917 220 LIBER
940 175 1039 222 111.
1076 174 1225 224 cAP.
1252 173 1490 228 24-—29.
2011 168 2086 230 91

128 331 181 386 tis
210 325 293 385 vel
324 328 633 386 conversis
668 328 976 406 prioribus,
1014 346 1140 388 cum
1168 329 1333 406 plura
1372 324 1713 408 addidisset,
1763 336 1936 393 otium
1969 337 2092 394 eius

128 410 352 469 reihand
390 412 447 469 in
478 411 721 488 longum
752 414 1005 490 paravit,
1040 416 1227 472 statim
1271 414 1509 473 turbidis
1537 415 1738 493 Lepidi
1775 421 2092 495 rogationi-

124 495 220 570 bus,
244 511 429 572 neque
461 495 647 554 multo
678 505 813 574 post
844 495 1085 555 tribunis
1111 497 1334 557 reddita
1358 499 1590 558 licentia
1617 516 1848 578 quoquo
1875 502 2096 562 vellent

53 574 70 601 ³¹
124 577 360 656 populum
392 579 676 655 agitandi.
746 581 972 658 iamque
1001 598 1117 639 non
1146 581 1317 640 modo
1343 583 1399 640 in
1427 600 1743 659 commune,
1775 585 1956 643 sedin
1983 588 2090 645 siu·
2113 608 2161 647 15

123 662 256 739 gulos
286 661 559 722 homines
584 663 733 724 latae
764 665 1169 742 quaestiones,
1208 674 1267 724 et
1303 667 1730 745 corruptissima
1759 685 1824 726 re
1861 669 2094 745 publica

124 747 361 824 plurimae
392 747 594 823 leges.
1511 751 1520 762 “

209 829 301 890 28.
349 829 499 889 Tum
536 829 641 889 Cn.
686 831 995 910 Pompeius
1039 833 1269 890 tertium
1317 833 1518 892 consul
1573 833 1934 910 corrigendis
1973 852 2092 894 mo-

124 913 241 972 ribus
270 913 545 974 delectus
577 924 635 974 et
664 917 903 992 gravior
932 915 1201 975 remediis
1226 933 1393 993 quam
1420 915 1632 976 delicta
1657 927 1818 976 erant
1843 935 2090 976 suarum-

68 987 75 998 ’
123 1016 202 1073 que
228 997 419 1074 legum
452 1008 667 1058 auctor
698 999 849 1061 idem
881 1018 951 1059 ae
992 999 1338 1076 subversor,
1392 1018 1540 1078 quae
1587 1002 1760 1060 armis
1808 1001 2092 1077 tuebatur,

126 1081 254 1139 armis
283 1083 493 1140 amisit.
560 1083 711 1142 exim
746 1085 1011 1143 continua
1040 1101 1147 1162 per
1186 1084 1600 1159 viginti-annos
1634 1085 1942 1166 discordia,
1976 1102 2091 1144 non

124 1183 380 1240 mos,non
422 1169 551 1236 ius;
598 1167 902 1227 deterrima
947 1185 1209 1244 quaeque
1256 1166 1468 1246 inpune
1513 1186 1580 1227 ac
1629 1168 1804 1228 multa
1847 1168 2138 1228 honestas

127 1249 263 1306 exitio
293 1250 485 1308 fuere.
554 1259 721 1310 sexto
752 1251 974 1314 demum
1018 1250 1318 1310 consulatu
1355 1249 1577 1311 Caesar
1609 1251 1940 1329 AugustuS,
1989 1269 2090 1331 po-

45 1393 47 1402 ,
127 1334 296 1391 tentiae
330 1353 628 1412 securuS,
649 1353 794 1412 quae
826 1337 1179 1395 triumviratu
1208 1336 1468 1394 iusserat
1511 1335 1767 1394 abolevit
1821 1335 2094 1414 deditque

45 1411 47 1416 ’
126 1416 239 1491 iura,
264 1419 383 1496 quis
423 1437 579 1497 pace
611 1428 667 1478 et
699 1420 961 1498 principe
994 1429 1300 1478 uteremur.
1363 1421 1589 1478 acriora
1632 1438 1712 1478 ex
1759 1438 1830 1479 eo
1877 1420 2093 1496 vinela,

131 1499 254 1558 inditi
280 1503 559 1562 custodes
593 1511 649 1561 et
676 1503 813 1579 lege
846 1501 1023 1581 Papia
1054 1501 1332 1582 Poppaea
1363 1505 1635 1580 praemiis
1659 1503 1894 1580 inducti,
1924 1513 2003 1580 ut,
2041 1505 2090 1562 si

47 1570 51 1657 l,
131 1599 153 1639 a
177 1585 475 1662 privilegiis
508 1581 807 1666 parentum
832 1595 1178 1664 cessaretur,
1212 1586 1371 1645 velut
1400 1605 1610 1666 parens
1634 1589 1880 1647 omnium
1906 1601 2087 1666 popu·
2117 1611 2160 1650 ιο

51 1659 53 1750 l
132 1664 198 1724 lus
226 1673 477 1730 vacantia
526 1679 771 1730 teneret.
849 1669 953 1730 sed
1014 1669 1183 1730 altius
1234 1669 1614 1749 penetrabant
1658 1671 1981 1749 ,urbemque
2033 1679 2092 1730 et

49 1766 51 1772 ’
133 1747 305 1813 Italiam
348 1764 411 1824 et,
450 1754 609 1833 quod
654 1773 893 1832 usquam
937 1755 1143 1814 civium
1192 1756 1619 1834 corripuerant,
1673 1757 2090 1834 multorumque

137 1836 275 1894 excisi
312 1847 517 1899 statuS.
599 1848 656 1898 et
707 1847 897 1898 terror
958 1837 1222 1897 omnibus
1264 1837 1680 1914 intentabatur,
1724 1840 1780 1898 ni
1826 1839 2092 1898 Tiberius

136 1921 385 1981 statuendo
416 1922 687 1982 remedio
717 1923 969 2002 quinque
1020 1921 1440 1996 consularium,
1485 1922 1733 2000 quinque
1783 1939 1816 1978 e
1860 1931 2090 1999 praeto·

47 2018 49 2030 ¹
132 2004 223 2079 riis,
247 2007 480 2067 totidem
506 2026 539 2066 e
580 2016 779 2067 cetero
813 2016 1013 2067 senatu
1041 2016 1199 2065 sorte
1232 2004 1511 2082 duxisset,
1545 2004 1696 2083 apud
1734 2022 1880 2081 quos
1914 2023 2082 2064 exso·
2111 2026 2159 2064 15

136 2083 210 2144 luti
232 2089 485 2171 plerique
536 2090 687 2167 legis
734 2106 916 2151 nexus
956 2090 1241 2150 modicum
1283 2091 1339 2148 in
1382 2107 1662 2167 praesens
1709 2088 2092 2147 levamentum

52 2194 58 2226 ÷
136 2168 275 2231 inere.
966 2232 968 2234 ,
1553 2235 1558 2239 .

49 2279 72 2311 1÷
234 2256 313 2319 29.
358 2259 477 2320 Per
508 2258 659 2317 idem
689 2268 913 2337 tempus
940 2258 1234 2317 Neronem
1265 2276 1298 2317 e
1344 2256 1545 2316 liberis
1581 2256 1934 2331 Germanioi,
1982 2257 2091 2315 iam
2181 2281 2189 2291 ¹

61 2368 72 2427 <²
140 2336 413 2412 ingressum
456 2344 775 2421 iuventam,
822 2341 1245 2403 commendavit
1286 2341 1574 2420 patribus,
1628 2350 1804 2418 utque
1855 2358 2090 2399 munere

52 2436 80 2478 1³.
142 2428 439 2499 capessendi
468 2428 890 2503 vigintiviratus
923 2426 1250 2487 solveretur
1282 2434 1340 2484 et
1390 2424 1774 2503 quinquennio
1819 2424 2090 2481 maturius

142 2520 263 2581 quam
294 2528 401 2589 per
432 2511 603 2588 leges
635 2520 997 2589 quaesturam
1034 2519 1293 2589 peteret,
1338 2528 1452 2571 non
1495 2510 1616 2568 sine
1647 2508 1824 2565 inrisu
1858 2506 2090 2564 audien-

47 2610 91 2662 ψ
140 2588 237 2649 v'tun
260 2595 589 2672 postulavit.
651 2590 1070 2674 praetendebat
1092 2593 1201 2653 sibi
1228 2604 1400 2672 atque
1425 2594 1583 2652 fratri
1619 2590 1854 2653 decreta
1887 2588 2088 2649 eadem
2112 2598 2137 2639 ⁵

46 2676 169 2733 liae
210 2687 327 2737 ente
374 2679 659 2757 Augusto.
734 2678 839 2737 sed
892 2697 1078 2756 neque
1130 2688 1248 2737 tum
1297 2680 1477 2737 fuisse
1523 2674 1928 2748 dubitaverim,
1994 2673 2092 2749 qui

46 2774 165 2836 190·
236 2763 410 2835 ,modi
453 2782 665 2841 preces
708 2762 1318 2823 occulti·inluderent:
1365 2780 1433 2821 ae
1471 2770 1662 2820 tamen
1692 2758 1845 2817 initia
1874 2756 2091 2831 fastigii

48 2860 172 2919 {ges
287 2847 442 2907 ribus
472 2856 637 2906 erant
665 2848 964 2925 magisque
1000 2848 1056 2904 in
1086 2846 1271 2906 oculis
1299 2853 1468 2907 vetus
1503 2862 1660 2919 moe,
1707 2850 1766 2901 et
1807 2839 2091 2918 privignis

48 2944 172 2986 sen-
255 2932 459 2993 vitrico
489 2931 679 2991 levior
706 2930 1078 2991 necessitudo
1110 2948 1278 3008 quam
1313 2946 1422 2988 avo
1461 2930 1768 2988 adversum
1798 2932 2088 3002 nepotem.

68 3010 166 3070 clai
236 3020 317 3073 tur
367 3016 739 3096 pontificatus
792 3023 851 3073 et
900 3032 1017 3092 quo
1071 3016 1310 3092 primum
1367 3012 1462 3071 die
1524 3012 1712 3071 forum
1785 3010 2092 3103 ingressus
2107 3016 2160 3056 10

44 3090 149 3165 [ccl
249 3100 597 3177 congiarium
667 3098 827 3177 plebi
886 3096 1183 3157 admodum
1253 3096 1475 3172 laetae,
1556 3094 1709 3172 quod
1770 3090 2096 3178 Germaniel

250 3200 333 3243 em
372 3186 482 3244 iam
529 3182 807 3263 puberem
850 3181 1189 3260 aspiciebat.
1283 3189 1508 3239 auctum
1562 3177 1770 3236 dehinc
1827 3174 2096 3250 gaudium

63 3283 109 3346 ns
178 3315 181 3317 ,
248 3266 309 3326 iis
349 3268 601 3328 Neronis
644 3276 704 3337 et
735 3266 915 3327 Iuliae
953 3264 1125 3323 Drusi
1168 3262 1342 3323 filiae.
1413 3273 1588 3339 utque
1641 3260 1788 3319 haec
1835 3256 2092 3317 seeundo

46 3288 89 3504 ὲ
168 3368 188 3405 ι
268 3370 359 3428 re,
404 3354 483 3412 ita
530 3349 793 3411 adversis
838 3350 1039 3409 animis
1095 3356 1427 3425 acceptum,
1493 3343 1647 3423 quod
1703 3343 1822 3403 filio
1870 3340 2096 3403 vClaudii

165 3450 191 3487 ‹-
252 3452 277 3493 r
320 3437 560 3499 Seianus
620 3434 1019 3494 destinaretur.
1104 3431 1385 3513 polluisse
1435 3428 1794 3515 nobilitatem
1842 3426 2096 3500 familiae
2116 3433 2166 3471 1⁵
