2475 4000
253 273 271 291 ,
316 211 434 273 196
832 207 1160 261 connum
1180 203 1416 254 TAcrrr
1437 195 1808 249 ANNALIUM
1879 155 1884 160 ’

266 428 275 436 ,
434 367 536 434 384
582 371 742 432 Tunc
785 369 1025 446 primum
1062 361 1350 420 fortunam
1389 373 1547 415 suam
1587 345 1933 430 introspexit
1973 349 2326 424 ferrumque

314 459 571 536 accepit,
613 453 769 532 quod
818 451 1029 510 frustra
1066 443 1266 522 iugulo
1309 449 1402 502 aut
1442 437 1669 518 pectori
1711 453 1817 514 per
1860 432 2332 512 trepidationem

318 543 627 603 admovens
671 539 791 597 ictu
836 532 1044 594 tribuni
1084 527 1436 602 transigitur.
1493 537 1706 600 corpus
1746 519 1913 578 matri
1942 521 2327 577 concessum.

317 623 741 700 nuntiatumque
784 617 1029 680 Claudio
1074 611 1330 692 epulanti
1373 609 1600 688 perisse
1638 603 2038 678 Messalinam,
2082 619 2202 660 non
2234 599 2329 658 di-

274 733 299 772 5
320 712 525 770 stincto
556 725 656 765 sua
688 724 759 765 an
788 703 976 764 aliena
1004 715 1191 758 manu.
1255 713 1367 754 nec
1409 691 1512 751 ille
1559 688 1878 768 quaesivit,
1919 687 2334 767 poposcitque

319 792 590 878 poculum
634 799 709 849 et'
734 787 907 847 solita
950 783 1217 844 convivio
1269 753 1606 838 celebravit.
1680 791 1754 832 ne
1787 772 2024 858 ⁴secutis
2082 769 2334 848 quidem

320 876 519 938 diebus
561 873 675 934 odii
718 871 939 950 gaudii,
982 869 1104 926 irae
1136 864 1436 935 tristitiae,
1481 858 1650 920 ullius
1679 857 1929 934 denique
1957 855 2191 914 humani
2219 853 2332 914 ad-

318 961 505 1022 fectus
537 959 701 1034 signa
734 954 919 1031 dedit,
960 970 1077 1011 non
1107 967 1233 1008 cum
1281 947 1564 1006 laetantes
1596 947 1969 1002 accusatores
2001 939 2334 1017 aspiceret,

318 1063 433 1105 non
476 1058 603 1102 cum
635 1040 787 1100 tilios
834 1044 1179 1098 maerentes.
1236 1032 1492 1107 iuvitque
1535 1025 1890 1087 oblivionem
1915 1025 2042 1084 eius
2083 1032 2334 1082 senatus

252 1146 301 1186 10
324 1127 613 1195 censendo
656 1141 863 1183 nomeu
908 1131 966 1180 et
1008 1119 1240 1196 effigies
1287 1113 1532 1194 privatis·
1565 1129 1636 1171 ac
1665 1109 1914 1188 publicis
1943 1107 2096 1167 locis
2121 1106 2332 1166 demo-

321 1211 559 1272 vendas.
623 1205 855 1268 decreta
885 1205 1163 1266 Narcisso
1198 1195 1527 1279 quaestoria
1555 1192 2214 1270 insignia,‘levissimum
2239 1191 2332 1250 fa-

322 1296 474 1355 stidii
512 1295 662 1370 eius,
708 1309 835 1350 cum
880 1307 1054 1368 snpra
1080 1286 1398 1347 Pallantem
1441 1289 1500 1340 ct
1531 1279 1830 1340 Callistum
1865 1284 2108 1353 agere-t,
2151 1283 2188 1344 -ι-
2215 1274 2331 1334 ho-

322 1387 485 1436 nesta
500 1376 745 1454 quidem,
767 1373 874 1433 sed
896 1393 973 1433 ex
994 1375 1121 1451 quis
1136 1369 1446 1447 deterrima
1461 1371 1764 1425 orerentur
1785 1361 2058 1440 [tristitiis
2081 1358 2324 1436 multisJ.

1661 1467 1670 1494 t

646 1882 1395 1968 „CORNELII
1448 1837 1923 1960 ,TACIT'I

584 2044 607 2071 ·’
806 2134 811 2141 ,
847 2065 939 2129 AB
982 2024 1466 2126 Excssssumw
1506 2054 1806 2127 AUGUSTI

613 2204 2032 2310 ANNALIUM

1030 2392 1354 2457 LIBER
1420 2392 1604 2455 XII.

331 2772 753 2823 BREVIARIUM.
814 2770 932 2835 Gap.
962 2771 1007 2820 1.
1034 2772 1081 2837 2.
1132 2768 1370 2819 Claudius
1396 2770 1458 2819 de
1482 2770 1798 2835 matrimonio
1841 2784 1955 2818 curn
1989 2768 2185 2817 libertis
2209 2764 2330 2815 deli·

402 2844 555 2904 berat.
607 2838 657 2890 3.
696 2839 1005 2904 Agrippina,
1042 2837 1323 2887 Germanici
1363 2837 1533 2888 fratris
1571 2840 1682 2887 eius
1711 2830 1842 2897 filia,
1885 2836 1998 2888 aliis
2025 2836 2255 2903 praelata
2275 2832 2332 2880 L.

360 2972 364 2977 .
403 2910 587 2977 Silene,
615 2908 697 2957 cui
720 2907 976 2971 desponsa
998 2905 1225 2965 Octavia,
1259 2906 1472 2957 insidias
1499 2908 1672 2967 struit,
1705 2908 1756 2955 4.
1786 2906 2084 2955 administro
2117 2902 2332 2959 Vitellio,

400 2978 574 3028 5—7.
636 2976 779 3025 cuius
814 2974 1003 3025 artibus
1042 2976 1233 3025 inducti
1266 2983 1470 3025 senatus
1507 2969 1829 3041 populusque
1868 2974 2072 3039 nuptias
2097 2973 2332 3039 probant.

402 3046 451 3095 8.
500 3046 699 3097 Silanus
732 3051 943 3093 mortem
977 3044 1091 3094 sibi·
1110 3044 1390 3094 consciscit.
1442 3043 1634 3093 Seneca
1665 3045 1726 3095 ab
1766 3044 1916 3092 exilio
1950 3042 2120 3092 redux
2161 3038 2336 3093 atmiis

360 3138 363 3141 -
402 3115 617 3163 Neronis
636 3120 853 3179 praeest,
882 3112 932 3163 9.
961 3114 1041 3163 cui
1069 3112 1412 3179 despondetur
1431 3110 1648 3163 Octavia.
1680 3111 1760 3163 10.
1786 3110 1960 3160 Parthi
1977 3126 2162 3177 regem
2180 3111 2336 3159 Roma

376 3224 381 3228 .
404 3190 580 3247 petunt
604 3178 960 3241 Meherdatem,
993 3182 1073 3232 ll.
1102 3196 1250 3245 quem
1273 3182 1482 3231 missum
1515 3197 1546 3230 a
1570 3180 1778 3231 Claudio
1808 3180 2014 3230 Cassius
2041 3182 2096 3229 in
2123 3190 2336 3244 regnum

405 3252 588 3313 ducere
631 3257 854 3297 conatur.
898 3250 977 3299 12.
1008 3250 1088 3300 13.
1131 3250 1304 3300 Obstat
1337 3246 1478 3299 fraus
1504 3250 1688 3299 Acbari
1723 3255 1772 3297 et
1806 3248 1977 3299 IzatiS.
2042 3250 2129 3299 14.
2161 3248 2334 3296 Victus

404 3316 719 3397 Meherdates
766 3313 967 3383 Gotarzi
1016 3320 1245 3371 traditur.
1309 3317 1413 3367 Hoc
1456 3326 1652 3367 mortuo
1701 3332 1917 3383 regnum
1961 3319 2015 3367 in
2051 3318 2333 3372 Vononem,

400 3386 525 3434 dem
551 3386 856 3450 Vologesem
883 3387 1198 3439 transfertur.
1251 3386 1332 3439 15.
1372 3384 1672 3445 Mithridati,
1713 3400 1929 3451 regnum
1959 3386 2110 3436 Ponti
2143 3384 2334 3447 recipe-

406 3466 517 3501 rare
551 3455 691 3515 nis0,
742 3453 956 3507 Romani
989 3457 1241 3505 resistunt
1267 3463 1316 3503 et
1352 3454 1502 3517 Cotys
1543 3463 1591 3503 et
1618 3454 1874 3505 Eunones.
1929 3454 2009 3506 16.
2043 3455 2184 3521 Uspe
2211 3450 2332 3501 urbe
