2475 4000
438 215 557 274 140
969 222 1300 272 normann
1323 222 1556 270 TAc1T1
1579 223 1943 270 ANNALmM

363 400 417 445 2⁵
439 379 740 458 provincia
777 376 1122 454 obvenerat,
1167 397 1343 456 super
1383 395 1672 436 numerum
1712 377 2040 452 legaretur,
2083 375 2179 452 qui
2229 374 2458 452 templi

432 480 625 522 curam
668 463 1010 540 susciperet.
1092 471 1149 520 et
1199 463 1329 539 quia
1372 461 1622 539 Lepidus
1666 463 1796 540 ipse
1849 459 2113 535 deligere
2155 475 2277 536 per
2324 476 2455 516 mo-

432 545 673 610 destiam
725 545 1042 621 abnuebat,
1096 545 1364 604 Valerius
1415 545 1572 604 Naso
1625 563 1659 602 e
1711 544 2023 622 praetoriis
2079 550 2253 602 sorte
2313 543 2458 600 mis-

434 648 532 689 sus
565 639 671 688 est.
1341 646 1349 650 ·

560 714 660 773 57.
704 713 859 772 Inter
900 730 1047 789 quae
1092 711 1184 771 diu
1238 711 1509 772 meditato
1555 711 1903 789 prolatoque
1955 710 2187 787 saepius
2246 711 2458 769 consi-

433 799 513 859 lio
543 797 771 857 tandem
802 795 1019 856 Caesar
1049 796 1105 854 in
1138 793 1504 873 Campaniam
1537 793 1861 870 abscessit,
1897 795 2096 873 specie
2122 792 2459 852 dedicandi

433 881 647 960 templa
678 880 829 959 apud
863 878 1115 957 Capuam
1144 879 1270 939 Iovi
1290 923 1307 954 ,
1347 878 1498 957 apud
1527 879 1733 937 Nolam
1765 878 2062 954 Auguste,
2098 876 2206 936 sed
2243 887 2461 936 certus

436 965 641 1044 procul
684 963 829 1022 urbe
862 963 1103 1039 degere.
1190 981 1420 1022 causam
1463 962 1776 1022 abscessus
1823 965 2165 1040 quamquam
2193 970 2458 1020 secutus

389 1071 413 1110 5
440 1050 715 1127 plurimos
745 1055 1039 1107 auctorum
1068 1047 1138 1107 ad
1171 1047 1364 1107 Seiani
1398 1056 1553 1106 artes
1581 1046 1805 1123 rettuli,
1849 1048 1978 1123 quia
2027 1055 2219 1104 tamen
2259 1044 2460 1104 caede

434 1135 559 1192 eius
601 1131 822 1210 patrata
853 1149 959 1190 sex
1001 1140 1209 1208 postea
1257 1147 1440 1190 annos
1489 1131 1614 1208 pari
1656 1139 1887 1189 secreto
1929 1123 2264 1204 coniunxit,
2325 1129 2458 1206 ple-

434 1233 672 1294 rumque
702 1233 1084 1294 permoveor,
1129 1234 1260 1274 num
1304 1215 1376 1275 ad
1417 1216 1604 1293 ipsum
1645 1213 1854 1272 referri
1884 1213 2079 1272 verius
2111 1213 2213 1287 sit,
2251 1215 2458 1271 saevi-

318 1333 323 1344 ι
433 1303 566 1360 tiam
606 1317 677 1358 ac
721 1298 1013 1357 libidinem
1059 1318 1182 1358 cum
1227 1300 1399 1359 factis
1443 1306 1770 1377 promeret,
1825 1297 1973 1355 locis
2026 1295 2456 1356 occultantem.

438 1389 599 1440 erant
640 1383 733 1458 qui
784 1382 1091 1441 crederent
1130 1385 1187 1441 in
1234 1390 1532 1441 senectute
1582 1381 1850 1458 corporis
1899 1397 2127 1458 quoque
2177 1379 2456 1438 habitum

370 1483 417 1522 ιο
439 1463 643 1544 pudori
672 1465 884 1524 fuisse:
929 1467 1145 1543 quippe
1193 1464 1274 1523 illi
1319 1464 1696 1543 praegracilis
1728 1473 1787 1523 et
1819 1465 2051 1522 incurva
2086 1461 2454 1541 proce'ritaS,

436 1549 617 1607 nudus
649 1547 865 1624 capillo
897 1556 1137 1624 vertex,
1186 1549 1454 1607 ulcerosa
1484 1549 1672 1608 facies
1708 1566 1779 1607 ac
1809 1548 2148 1625 plerumque
2185 1548 2450 1607 medica-

434 1631 676 1691 minibus
705 1631 1093 1699 interstincta3
1140 1640 1197 1690 et
1223 1631 1414 1691 Rhodi
1460 1641 1692 1691 secreto
1723 1635 1906 1690 vitare
1947 1640 2182 1706 coetuS,
2229 1649 2452 1691 recon-

436 1715 575 1774 dere
615 1714 949 1793 voluptates
992 1715 1267 1774 insuerat.
1358 1715 1597 1775 traditur
1648 1717 1818 1775 etiam
1869 1717 2064 1774 matris
2118 1715 2451 1793 inpotentia

439 1807 761 1874 extrusum,
819 1816 985 1876 quam
1037 1798 1442 1859 dominationis
1499 1801 1716 1858 sociam
1773 1798 2190 1877 aspernabatur
2250 1816 2448 1877 neque

372 1900 419 1939 15
441 1882 739 1960 depellere
776 1891 1039 1960 poterat,
1084 1901 1210 1943 cum
1241 1882 1688 1942 dominationem
1731 1884 1914 1962 ipsam
1949 1882 2160 1942 donum
2191 1884 2321 1942 eius
2353 1900 2448 1941 ac-

440 1967 712 2044 cepisset.
798 1984 926 2027 nam
978 1967 1337 2031 dubitaverat
1393 1966 1688 2044 Augustus
1740 1966 2168 2044 Germanicum,
2218 1967 2448 2027 sororis

435 2060 710 2128 nepotem
759 2060 815 2109 et
857 2053 1076 2112 cunctis
1119 2052 1437 2128 laudatum,
1485 2053 1909 2112 rei-Romanae
1950 2053 2288 2128 imponere,
2341 2048 2446 2108 sed

439 2133 711 2212 precibus
741 2137 939 2193 uxoris
987 2138 1209 2196 evictus
1253 2136 1486 2196 Tiberio
1520 2134 1946 2211 Germanicum,
1992 2134 2105 2193 sibi
2144 2134 2444 2194 Tiberium

440 2216 701 2276 adscivit.
764 2216 939 2293 idque
968 2218 1231 2296 Augusta
1266 2218 1677 2299 exprobrabat,
1709 2217 2082 2296 reposcebat.

566 2298 666 2359 58.
709 2298 1007 2360 Profectio
1040 2312 1166 2363 arto
1200 2305 1470 2363 comitatu
1500 2303 1632 2361 fuit:
1675 2321 1819 2361 unus
1868 2311 2102 2361 senator
2135 2301 2442 2360 consulatu

437 2382 687 2457 functus,
722 2382 1010 2467 Cocceius
1040 2384 1258 2462 Nerva,
1295 2389 1385 2446 cui
1415 2386 1609 2463 legum
1644 2388 1885 2464 peritia,
1937 2403 2115 2464 eques
2141 2385 2444 2443 Romanus

439 2475 671 2544 praeter
704 2468 970 2527 Seianum
1002 2487 1075 2527 ex
1120 2470 1454 2530 inlustribus
1486 2468 1714 2529 Curtius
1754 2469 2020 2545 AtticuS,
2065 2468 2239 2527 ceteri
2290 2466 2459 2525 libe-2

437 2549 655 2610 ralibus
698 2550 899 2609 studiis
942 2552 1219 2628 praediti,
1277 2553 1458 2613 ferme
1503 2552 1741 2628 Graeci,
1789 2564 2032 2631 quorum
2075 2550 2444 2611 sermonibus

388 2634 750 2693 5levaretur.
826 2633 1089 2693 ferebant
1132 2636 1306 2712 periti
1360 2637 1692 2696 caelestium
1745 2639 1815 2696 iis
1873 2636 2125 2697 motibus
2187 2634 2444 2694 siderum

440 2720 771 2777 excessisse
802 2717 984 2777 Roma
1024 2716 1347 2795 Tiberium,
1395 2729 1454 2778 ut
1494 2720 1712 2780 reditus
1753 2721 1839 2780 illi
1887 2728 2219 2796 negaretur.
2287 2718 2442 2777 unde

438 2802 601 2859 exitii
633 2818 805 2859 causa
834 2801 1025 2860 multis
1060 2802 1166 2860 fuit
1210 2819 1524 2881 properum
1569 2805 1746 2880 linem,
1779 2807 1930 2863 vitae
1980 2801 2444 2863 coniectantibus

438 2883 951 2960 vulgantibusque3
993 2903 1181 2963 neque
1224 2888 1375 2945 enim
1422 2896 1535 2947 tam
1566 2886 1964 2946 incredibilem
2002 2904 2198 2946 casum
2243 2888 2442 2964 provi-

438 2966 677 3041 debant,
720 2975 780 3025 ut
826 2967 1086 3027 undecim
1130 2988 1238 3047 per
1281 2988 1461 3031 annos
1509 2971 1697 3031 libens
1737 2974 1924 3048 patria
1971 2978 2220 3030 careret.
2303 2986 2457 3043 mox

371 3076 417 3115 10
440 3051 619 3128 patuit
647 3049 825 3109 breve
871 3052 1174 3111 confinium
1218 3056 1357 3114 artis
1401 3064 1459 3113 et
1497 3055 1660 3131 falsi,
1704 3072 1959 3132 veraque
2007 3072 2174 3132 quam
2229 3052 2457 3113 obscuae

437 3135 525 3191 ris
560 3140 914 3210 tegerentur.
988 3152 1115 3195 nam
1155 3138 1209 3195 in
1252 3138 1450 3198 urbem
1487 3154 1602 3197 non
1644 3156 2046 3214 regressurum
2090 3136 2241 3196 haud
2287 3138 2442 3196 forte

437 3215 678 3275 dictum:
727 3225 1046 3278 ceterorum
1084 3222 1270 3280 nescii
1325 3239 1537 3298 egere,
1597 3240 1722 3281 cum
1773 3224 2100 3301 propinquo
2156 3240 2294 3279 rure
2349 3228 2442 3279 aut

435 3299 609 3359 litore
652 3309 710 3359 et
759 3320 937 3381 saepe
977 3306 1205 3364 moenia
1247 3305 1402 3363 urbis
1453 3305 1720 3365 adsidens
1772 3316 2086 3365 extremam
2139 3312 2438 3363 senectam

437 3384 834 3461 compleverit.

560 3466 661 3526 59.
697 3466 788 3528 Ac
828 3470 981 3531 forte
1022 3470 1140 3530 illis
1192 3468 1393 3527 diebus
1439 3468 1688 3530 oblatum
1735 3470 1973 3531 Caesari
2017 3487 2244 3547 anceps
2287 3470 2455 3549 peri·¹

2453 3554 2455 3565 4
