2475 4000
791 225 1000 272 LIBER
1023 228 1068 272 1.
1103 226 1253 273 CAP.
1278 224 1515 279 67-71,
1538 255 1544 263 ·
2074 212 2153 275 35

158 388 285 454 tos,
318 394 483 456 quam
513 375 722 447 duces;
761 395 1134 458 conpressam
1167 396 1198 437 a
1225 378 1463 438 muliere
1498 381 1865 461 seditionem,
1910 383 2000 443 cui
2046 396 2218 442 noda

160 480 298 535 rnen
327 462 604 541 principis
649 457 942 521 obsistere
987 479 1102 522 non
1147 462 1413 539 quiverit.
1464 465 1815 527 accendebat
1836 466 1987 529 ¹haec
2011 484 2149 527 one-

158 544 442 622 rabatque
473 546 736 622 Seianus,
775 546 979 626 peritia
1013 562 1230 605 morum
1265 543 1479 604 Tiberii
1530 546 1659 607 odia
1696 550 1753 607 in
1794 550 2025 628 longum
2068 553 2147 611 ia-

159 631 343 705 cienS,
381 646 529 705 qnae
559 630 909 690 reconderet
941 637 1221 709 auctaque
1254 638 1567 707 promeret.

287 714 387 774 70.
435 712 512 771 At
545 712 914 774 Germanicus
949 714 1265 790 legionum,
1302 731 1445 791 quas
1480 711 1720 773 navibus
1751 725 2017 794 vexerat,
2057 736 2147 778 se-

154 796 404 856 cundam
437 806 497 855 et
527 807 783 875 quartam
814 796 1109 858 decumam
1143 778 1347 857 itinere
1385 798 1649 857 terrestri
1688 796 1751 856 P.
1786 797 2019 857 Vitellio
2052 800 2145 860 dn-

149 881 374 951 cendas
402 880 594 958 tradit,
625 899 740 961 quo
776 882 964 941 levior
997 868 1200 941 classis
1230 881 1456 941 vadoso
1486 882 1629 941 mari
1663 882 1890 940 innaret
1936 881 2031 940 vel
2060 902 2147 941 re-

149 967 402 1044 ciproco
443 964 678 1023 sideret.
746 966 1016 1027 Vitellius
1058 966 1298 1045 primum
1342 966 1452 1024 iter
1496 967 1653 1026 sicca
1696 964 1869 1025 humo
1912 973 2006 1023 ant
2034 982 2151 1024 mo·
2196 1028 2201 1043 ,

146 1048 286 1108 dice
319 1047 626 1108 adlabente
658 1057 819 1109 aestu
847 1052 1096 1128 quietum
1127 1048 1353 1109 habuit:
1406 1065 1543 1109 mox
1582 1048 1813 1129 inpulsu
1850 1048 2195 1128 aquilonis,⁵

143 1133 323 1192 simul
353 1132 546 1191 sidere
577 1135 946 1211 aequinoctii,
983 1150 1098 1212 quo
1128 1133 1374 1192 maxime
1407 1135 1671 1194 tumescit
1701 1132 2000 1209 Oceanus,
2028 1133 2155 1211 rapi

144 1218 367 1294 agique
393 1210 639 1293 agmen.
713 1226 770 1276 et
801 1216 1190 1297 opplebantur
1238 1223 1462 1276 terrae:
1532 1216 1731 1278 eadem
1787 1216 1941 1276 freto
1998 1216 2154 1275 litori

147 1300 376 1378 campis
411 1300 614 1376 facies,
643 1318 835 1379 neque
858 1300 1108 1360 discerni
1141 1309 1409 1378 poterant
1433 1301 1651 1361 incerta
1674 1299 1745 1362 ab
1775 1300 1995 1376 solidis,
2022 1298 2153 1359 bre·

143 1387 246 1443 via
286 1402 320 1443 a
348 1383 669 1462 profundis.
725 1392 1053 1445 sternuntur
1081 1382 1375 1465 fluctibus,
1422 1383 1751 1445 hauriuntur
1789 1383 2147 1462 gurgitibus;

147 1469 434 1543 iumenta,
480 1468 740 1527 sarcinae
755 1513 781 1543 ,.
819 1484 1069 1546 corpora
1112 1469 1372 1528 exanima
1413 1468 1772 1545 interfluunt,
1819 1476 2146 1551 occursant.
2170 1488 2219 1529 10

153 1550 583 1630 permiscentur
635 1552 784 1611 inter
839 1569 903 1611 se
931 1544 1260 1631 manipuli,
1318 1551 1490 1612 modo
1549 1562 1793 1632 pectore
1824 1553 1999 1614 modo
2045 1570 2148 1613 ore

149 1642 324 1693 tenus
377 1642 700 1712 exstantes,
759 1635 1064 1715 aliquando
1109 1636 1404 1697 subtracto
1456 1637 1583 1698 solo
1631 1637 1858 1697 disiecti
1906 1646 2001 1698 ant
2049 1635 2149 1696 ob-

145 1721 282 1803 ruti.
345 1734 461 1777 non
491 1735 619 1796 vox
659 1727 717 1778 et
758 1721 933 1780 mutui
971 1720 1230 1781 hortatus
1273 1720 1540 1781 iuvabant
1577 1719 1923 1781 adversante
1964 1719 2146 1787 unda:

146 1801 289 1861 nihil
325 1810 591 1862 strenuus
621 1801 692 1862 ab
736 1806 981 1883 ignavo,
1023 1806 1261 1884 sapiens
1308 1804 1379 1863 ab
1424 1805 1778 1884 inprudenti,
1832 1805 2074 1865 consilia
2115 1820 2146 1862 a

148 1903 289 1945 casn
343 1885 608 1946 differre:
659 1898 864 1949 cuncta
908 1889 1034 1967 pari
1081 1888 1359 1947 violentia
1397 1886 1858 1947 involvebantur.
1921 1889 2148 1948 tandem
2168 1900 2215 1943 ιε

144 1970 418 2030 Vitellius
451 1970 507 2030 in
553 1970 792 2034 editIora
839 1974 1033 2032 enisus
1087 1970 1295 2032 eodem
1338 1988 1545 2048 agmen
1588 1968 1873 2029 subduxit.
1942 1986 2145 2048 perno-
2256 1984 2260 1989 ·

147 2063 389 2114 ctavere
421 2056 546 2113 sine
577 2056 945 2132 utensilibus,
980 2057 1104 2115 sine
1133 2055 1273 2132 igni,
1308 2071 1514 2131 magna
1543 2071 1680 2133 pars
1704 2053 1857 2114 nudo
1888 2063 1984 2112 ant
2010 2053 2149 2113 mul·

146 2145 282 2196 cato
317 2154 595 2215 corpore,
629 2137 779 2199 haud
809 2137 1384 2204 minusmiserabiles
1415 2155 1583 2216 quam
1626 2156 1775 2217 quos
1814 2138 1999 2198 hostis
2042 2139 2149 2216 cir-

149 2217 470 2278 cumsidet:
504 2223 718 2299 qnippe
748 2222 872 2281 illic
902 2225 1072 2282 etiam
1103 2221 1387 2281 honestae
1413 2221 1613 2282 mortis
1648 2241 1806 2300 usus,
1842 2221 1933 2282 his
1962 2221 2146 2300 inglo-

145 2303 297 2360 rium
328 2302 582 2360 exitium.
645 2303 744 2363 lux
771 2299 1018 2364 reddidit
1047 2314 1289 2383 terram,
1322 2315 1797 2385 penetratumque
1826 2307 1899 2366 ad
1927 2323 2147 2367 amnem
2163 2313 2217 2353 ²⁰
2317 2329 2325 2335 “

145 2394 186 2454 -ι-
208 2385 512 2460 Visurgin,
546 2401 658 2461 qno
684 2385 904 2447 Caesar
934 2387 1124 2447 classe
1150 2390 1544 2450 contenderat.
1601 2391 1890 2470 inpositae
1914 2390 2043 2450 dein
2065 2390 2146 2449 le-

150 2471 389 2556 giones,
426 2476 674 2544 vagante
700 2471 848 2531 fama
878 2471 1244 2541 submersas;
1276 2491 1386 2533 nec
1416 2473 1560 2544 fides
1596 2473 1816 2549 salutis,
1850 2482 2150 2552 antequam
2249 2471 2263 2501 ⁸

149 2552 472 2614 Gaesarem
504 2555 932 2633 exercitumque
961 2556 1236 2616 reducem
1270 2558 1489 2617 videre.
2124 2625 2127 2630 ,

258 2638 378 2708 ο71.
425 2635 543 2695 lain
574 2637 907 2716 Stertinius,
953 2641 1023 2701 ad
1067 2641 1465 2721 accipiendum
1506 2641 1561 2700 in
1595 2639 1939 2700 deditionem
1982 2637 2148 2716 Segi·
2186 2641 2195 2648 '
2251 2717 2255 2722 ¹

149 2737 370 2780 merum
395 2719 632 2781 fratrem
657 2721 922 2799 Segestis
945 2727 1318 2803 praemissuS,
1344 2727 1531 2803 ipsum
1556 2733 1613 2784 et
1636 2723 1811 2784 filium
1835 2725 1959 2783 eius
1984 2725 2039 2783 in
2074 2725 2148 2782 ci-

147 2806 388 2864 vitatem
405 2803 683 2864 Ubiorum
703 2807 1066 2884 perduxerat.
1092 2809 1222 2869 data
1245 2809 1473 2888 utrique
1491 2810 1682 2885 venia,
1699 2805 1871 2868 facile
1891 2807 2149 2884 Segime-

147 2906 240 2964 ro,
269 2891 626 2949 cunctantius
649 2889 803 2967 filio,
845 2892 975 2970 quia
998 2893 1253 2967 Quintilii
1276 2895 1420 2954 Vari
1453 2909 1669 2973 corpus
1701 2891 1967 2970 inlusisse
1995 2891 2149 2950 dice-

146 2970 336 3032 batur.
364 2982 619 3033 ceterum
644 2973 714 3035 ad
738 2975 1058 3053 supplenda
1083 2979 1375 3037 exercitus
1390 2977 1590 3037 damna
1606 2985 1910 3037 certavere
1927 2974 2147 3035 Galliae
2168 2986 2193 3026 ⁵

147 3054 465 3134 Hispaniae
487 3055 682 3135 Italia,
719 3058 873 3138 quod
909 3062 1114 3138 cuique
1157 3071 1517 3140 promptum,
1542 3079 1696 3122 arma
1734 3078 1920 3138 equos
1956 3075 2147 3118 aurum

153 3139 487 3199 offerentes.
522 3159 763 3220 quorum
784 3143 1015 3204 laudato
1041 3143 1230 3204 studio
1254 3145 1655 3222 GermanicuS‚
1693 3145 1862 3204 armis
1894 3142 2065 3202 modo
2092 3151 2151 3201 et

153 3223 319 3301 equis
345 3224 415 3283 ad
447 3223 660 3286 bellum
691 3230 952 3306 sumptis,
982 3229 1222 3308 propria
1247 3231 1488 3308 pecnnia
1510 3230 1745 3289 militem
1777 3229 1932 3287 invit.
1976 3235 2147 3304 utque

154 3305 336 3374 cladis
359 3311 686 3371 memoriam
710 3313 877 3372 etiam
903 3316 1170 3373 comitate
1193 3312 1419 3390 leniret,
1454 3313 1753 3372 circumire
1784 3313 2040 3388 saucios,
2067 3311 2144 3370 fa·

157 3400 247 3450 cta
270 3391 622 3468 singulorum
647 3395 962 3467 extollere;
986 3398 1227 3457 vulnera
1249 3399 1476 3456 intuens
1492 3396 1659 3458 alium
1684 3413 1810 3474 spe,
1836 3396 2001 3455 alium
2017 3395 2140 3473 glo·
2165 3407 2214 3448 10

155 3475 262 3554 ria,
289 3485 528 3536 cunctos
557 3479 824 3558 adloquio
851 3490 908 3542 et
934 3500 1070 3542 cura
1095 3479 1320 3560 sibique
1345 3475 1403 3542 et
1428 3481 1655 3561 proelio
1682 3479 1955 3540 firmabat.

1830 3565 1913 3626 3*
