<?xml version="1.0" encoding="UTF-8"?>
<!DOCTYPE html PUBLIC "-//W3C//DTD XHTML 1.0 Transitional//EN"
    "http://www.w3.org/TR/xhtml1/DTD/xhtml1-transitional.dtd">
<html xmlns="http://www.w3.org/1999/xhtml" xml:lang="en" lang="en">
 <head>
  <title>
</title>
<meta http-equiv="Content-Type" content="text/html;charset=utf-8" />
  <meta name='ocr-system' content='tesseract 3.04.00' />
  <meta name='ocr-capabilities' content='ocr_page ocr_carea ocr_par ocr_line ocrx_word'/>
</head>
<body>
  <div class='ocr_page' id='page_1' title='image "./corneltacitilib00unkngoog_0322.png"; bbox 0 0 2475 4000; ppageno 0'>
   <div class='ocr_carea' id='block_1_1' title="bbox 319 152 1934 265">
    <p class='ocr_par' dir='ltr' id='par_1_1' title="bbox 319 152 1934 265">
     <span class='ocr_line' id='line_1_1' title="bbox 319 152 1934 265; baseline -0.007 -17"><span class='ocrx_word' id='word_1_1' title='bbox 319 187 443 248; x_wconf 80' lang='lat'>262</span> <span class='ocrx_word' id='word_1_2' title='bbox 578 193 609 265; x_wconf 34' lang='lat'>‘-</span> <span class='ocrx_word' id='word_1_3' title='bbox 682 244 689 252; x_wconf 81' lang='grc'><em>,</em></span> <span class='ocrx_word' id='word_1_4' title='bbox 807 195 1136 242; x_wconf 59' lang='grc' dir='ltr'>οοιιιιιιιιιι</span> <span class='ocrx_word' id='word_1_5' title='bbox 1174 193 1410 242; x_wconf 69' lang='lat' dir='ltr'>mem</span> <span class='ocrx_word' id='word_1_6' title='bbox 1452 193 1815 244; x_wconf 52' lang='lat' dir='ltr'>Anxanum</span> <span class='ocrx_word' id='word_1_7' title='bbox 1917 152 1934 164; x_wconf 50' lang='lat'>⁸</span> 
     </span>
    </p>
   </div>
   <div class='ocr_carea' id='block_1_2' title="bbox 325 273 2336 436">
    <p class='ocr_par' dir='ltr' id='par_1_2' title="bbox 325 273 2336 436">
     <span class='ocr_line' id='line_1_2' title="bbox 325 273 2336 436; baseline -0.004 -22"><span class='ocrx_word' id='word_1_8' title='bbox 325 357 374 414; x_wconf 89' lang='lat' dir='ltr'>si</span> <span class='ocrx_word' id='word_1_9' title='bbox 403 353 718 411; x_wconf 81' lang='lat' dir='ltr'>vetustiora</span> <span class='ocrx_word' id='word_1_10' title='bbox 758 273 1023 436; x_wconf 83' lang='lat' dir='ltr'>repetas,</span> <span class='ocrx_word' id='word_1_11' title='bbox 1069 357 1314 410; x_wconf 87' lang='lat' dir='ltr'>stantem</span> <span class='ocrx_word' id='word_1_12' title='bbox 1353 344 1656 427; x_wconf 89' lang='lat' dir='ltr'>populum</span> <span class='ocrx_word' id='word_1_13' title='bbox 1674 350 2072 426; x_wconf 78' lang='lat' dir='ltr'>spectavisse,</span> <span class='ocrx_word' id='word_1_14' title='bbox 2125 365 2238 423; x_wconf 84' lang='lat' dir='ltr'>ne,</span> <span class='ocrx_word' id='word_1_15' title='bbox 2287 348 2336 406; x_wconf 86' lang='lat' dir='ltr'>si</span> 
     </span>
    </p>
   </div>
   <div class='ocr_carea' id='block_1_3' title="bbox 131 412 2334 510">
    <p class='ocr_par' dir='ltr' id='par_1_3' title="bbox 131 412 2334 510">
     <span class='ocr_line' id='line_1_3' title="bbox 131 412 2334 510; baseline -0.003 -14"><span class='ocrx_word' id='word_1_16' title='bbox 131 412 149 431; x_wconf 34' lang='lat' dir='ltr'>x</span> <span class='ocrx_word' id='word_1_17' title='bbox 242 453 249 459; x_wconf 70' lang='grc'><strong>“</strong></span> <span class='ocrx_word' id='word_1_18' title='bbox 328 435 657 496; x_wconf 81' lang='lat' dir='ltr'><strong>consideret</strong></span> <span class='ocrx_word' id='word_1_19' title='bbox 683 425 939 509; x_wconf 89' lang='lat' dir='ltr'>theatro,</span> <span class='ocrx_word' id='word_1_20' title='bbox 971 433 1095 492; x_wconf 88' lang='lat' dir='ltr'>dies</span> <span class='ocrx_word' id='word_1_21' title='bbox 1126 441 1284 492; x_wconf 88' lang='lat' dir='ltr'>totos</span> <span class='ocrx_word' id='word_1_22' title='bbox 1314 433 1542 508; x_wconf 78' lang='lat' dir='ltr'>ignavia</span> <span class='ocrx_word' id='word_1_23' title='bbox 1573 433 1949 493; x_wconf 80' lang='lat' dir='ltr'>continuaret.</span> <span class='ocrx_word' id='word_1_24' title='bbox 2016 440 2334 510; x_wconf 86' lang='lat' dir='ltr'>spectacu-</span> 
     </span>
    </p>
   </div>
   <div class='ocr_carea' id='block_1_4' title="bbox 246 515 2346 3575">
    <p class='ocr_par' dir='ltr' id='par_1_4' title="bbox 246 515 2346 3531">
     <span class='ocr_line' id='line_1_4' title="bbox 325 515 2336 616; baseline -0.004 -35"><span class='ocrx_word' id='word_1_25' title='bbox 325 521 511 581; x_wconf 88' lang='lat' dir='ltr'><strong>lorum</strong></span> <span class='ocrx_word' id='word_1_26' title='bbox 550 517 777 596; x_wconf 89' lang='lat' dir='ltr'>quidem</span> <span class='ocrx_word' id='word_1_27' title='bbox 806 518 1105 616; x_wconf 70' lang='lat' dir='ltr'><strong>antiquitas</strong></span> <span class='ocrx_word' id='word_1_28' title='bbox 1130 524 1490 592; x_wconf 87' lang='lat' dir='ltr'>servaretur,</span> <span class='ocrx_word' id='word_1_29' title='bbox 1530 517 1798 593; x_wconf 85' lang='lat' dir='ltr'>quotiens</span> <span class='ocrx_word' id='word_1_30' title='bbox 1827 524 2067 594; x_wconf 90' lang='lat' dir='ltr'>praetor</span> <span class='ocrx_word' id='word_1_31' title='bbox 2097 515 2336 589; x_wconf 80' lang='lat' dir='ltr'><strong>ederet,</strong></span> 
     </span>
     <span class='ocr_line' id='line_1_5' title="bbox 262 599 2342 680; baseline -0.003 -17"><span class='ocrx_word' id='word_1_32' title='bbox 262 623 310 663; x_wconf 84' lang='grc' dir='ltr'>ιο</span> <span class='ocrx_word' id='word_1_33' title='bbox 328 603 483 665; x_wconf 89' lang='lat' dir='ltr'>nulla</span> <span class='ocrx_word' id='word_1_34' title='bbox 518 605 776 680; x_wconf 85' lang='lat' dir='ltr'>cuiquam</span> <span class='ocrx_word' id='word_1_35' title='bbox 808 603 1011 675; x_wconf 81' lang='lat' dir='ltr'>civium</span> <span class='ocrx_word' id='word_1_36' title='bbox 1050 603 1402 660; x_wconf 79' lang='lat' dir='ltr'><strong>necessitate</strong></span> <span class='ocrx_word' id='word_1_37' title='bbox 1441 599 1714 667; x_wconf 86' lang='lat' dir='ltr'>certandi.</span> <span class='ocrx_word' id='word_1_38' title='bbox 1786 609 2043 660; x_wconf 90' lang='lat' dir='ltr'>ceterum</span> <span class='ocrx_word' id='word_1_39' title='bbox 2074 599 2342 659; x_wconf 89' lang='lat' dir='ltr'>abolitos</span> 
     </span>
     <span class='ocr_line' id='line_1_6' title="bbox 331 683 2342 771; baseline -0.003 -22"><span class='ocrx_word' id='word_1_40' title='bbox 331 688 601 771; x_wconf 86' lang='lat' dir='ltr'>paulatim</span> <span class='ocrx_word' id='word_1_41' title='bbox 638 687 855 766; x_wconf 88' lang='lat' dir='ltr'>patrios</span> <span class='ocrx_word' id='word_1_42' title='bbox 884 702 1077 744; x_wconf 90' lang='lat' dir='ltr'>mores</span> <span class='ocrx_word' id='word_1_43' title='bbox 1104 684 1356 745; x_wconf 88' lang='lat' dir='ltr'>funditus</span> <span class='ocrx_word' id='word_1_44' title='bbox 1387 686 1569 743; x_wconf 88' lang='lat' dir='ltr'>everti</span> <span class='ocrx_word' id='word_1_45' title='bbox 1597 702 1705 762; x_wconf 87' lang='lat' dir='ltr'>per</span> <span class='ocrx_word' id='word_1_46' title='bbox 1733 685 1972 744; x_wconf 80' lang='lat' dir='ltr'>accitam</span> <span class='ocrx_word' id='word_1_47' title='bbox 2001 683 2342 757; x_wconf 83' lang='lat' dir='ltr'>lasciviam,</span> 
     </span>
     <span class='ocr_line' id='line_1_7' title="bbox 328 766 2342 850; baseline -0.003 -18"><span class='ocrx_word' id='word_1_48' title='bbox 328 782 393 836; x_wconf 85' lang='lat' dir='ltr'>ut</span> <span class='ocrx_word' id='word_1_49' title='bbox 418 771 573 850; x_wconf 84' lang='lat' dir='ltr'>quod</span> <span class='ocrx_word' id='word_1_50' title='bbox 610 787 845 849; x_wconf 84' lang='lat' dir='ltr'>usquam</span> <span class='ocrx_word' id='word_1_51' title='bbox 880 770 1167 845; x_wconf 87' lang='lat' dir='ltr'>corrumpi</span> <span class='ocrx_word' id='word_1_52' title='bbox 1214 777 1272 828; x_wconf 88' lang='lat' dir='ltr'>et</span> <span class='ocrx_word' id='word_1_53' title='bbox 1313 782 1688 846; x_wconf 83' lang='lat' dir='ltr'>corrumpere</span> <span class='ocrx_word' id='word_1_54' title='bbox 1731 777 1930 846; x_wconf 85' lang='lat' dir='ltr'><strong>queat,</strong></span> <span class='ocrx_word' id='word_1_55' title='bbox 1973 770 2030 826; x_wconf 89' lang='lat' dir='ltr'>in</span> <span class='ocrx_word' id='word_1_56' title='bbox 2069 766 2222 827; x_wconf 88' lang='lat' dir='ltr'>urhe</span> <span class='ocrx_word' id='word_1_57' title='bbox 2255 769 2342 826; x_wconf 82' lang='lat' dir='ltr'>vi-</span> 
     </span>
     <span class='ocr_line' id='line_1_8' title="bbox 332 851 2344 932; baseline -0.005 -14"><span class='ocrx_word' id='word_1_58' title='bbox 332 866 521 932; x_wconf 87' lang='lat' dir='ltr'>satur,</span> <span class='ocrx_word' id='word_1_59' title='bbox 568 855 1003 930; x_wconf 83' lang='lat' dir='ltr'><strong>degeneretque</strong></span> <span class='ocrx_word' id='word_1_60' title='bbox 1046 851 1246 912; x_wconf 90' lang='lat' dir='ltr'>studiis</span> <span class='ocrx_word' id='word_1_61' title='bbox 1289 853 1545 912; x_wconf 85' lang='lat' dir='ltr'>externis</span> <span class='ocrx_word' id='word_1_62' title='bbox 1587 854 1907 928; x_wconf 82' lang='lat' dir='ltr'>iuventus,</span> <span class='ocrx_word' id='word_1_63' title='bbox 1923 853 2230 930; x_wconf 72' lang='lat' dir='ltr'>gymnasia</span> <span class='ocrx_word' id='word_1_64' title='bbox 2280 860 2344 908; x_wconf 87' lang='lat' dir='ltr'>et</span> 
     </span>
     <span class='ocr_line' id='line_1_9' title="bbox 254 935 2343 1036; baseline -0.004 -36"><span class='ocrx_word' id='word_1_65' title='bbox 254 967 260 978; x_wconf 86' lang='lat'>·</span> <span class='ocrx_word' id='word_1_66' title='bbox 334 943 449 1000; x_wconf 83' lang='lat' dir='ltr'>otia</span> <span class='ocrx_word' id='word_1_67' title='bbox 479 949 539 998; x_wconf 90' lang='lat' dir='ltr'>et</span> <span class='ocrx_word' id='word_1_68' title='bbox 566 949 765 1036; x_wconf 81' lang='lat' dir='ltr'>turpes</span> <span class='ocrx_word' id='word_1_69' title='bbox 796 953 1027 1016; x_wconf 83' lang='lat' dir='ltr'>amores</span> <span class='ocrx_word' id='word_1_70' title='bbox 1060 935 1424 1013; x_wconf 82' lang='lat' dir='ltr'>exercendo,</span> <span class='ocrx_word' id='word_1_71' title='bbox 1464 937 1726 1034; x_wconf 76' lang='lat' dir='ltr'>principe</span> <span class='ocrx_word' id='word_1_72' title='bbox 1758 945 1818 996; x_wconf 89' lang='lat' dir='ltr'>et</span> <span class='ocrx_word' id='word_1_73' title='bbox 1845 946 2050 996; x_wconf 88' lang='lat' dir='ltr'>senatu</span> <span class='ocrx_word' id='word_1_74' title='bbox 2079 937 2343 996; x_wconf 87' lang='lat' dir='ltr'>auctori·</span> 
     </span>
     <span class='ocr_line' id='line_1_10' title="bbox 266 1003 2346 1102; baseline -0.001 -22"><span class='ocrx_word' id='word_1_75' title='bbox 266 1039 316 1080; x_wconf 83' lang='lat'>15</span> <span class='ocrx_word' id='word_1_76' title='bbox 335 1025 470 1101; x_wconf 90' lang='lat' dir='ltr'>bus,</span> <span class='ocrx_word' id='word_1_77' title='bbox 516 1023 613 1102; x_wconf 70' lang='lat' dir='ltr'>qui</span> <span class='ocrx_word' id='word_1_78' title='bbox 640 1039 754 1086; x_wconf 89' lang='lat' dir='ltr'>non</span> <span class='ocrx_word' id='word_1_79' title='bbox 782 1003 955 1080; x_wconf 86' lang='lat' dir='ltr'>modo</span> <span class='ocrx_word' id='word_1_80' title='bbox 987 1019 1278 1080; x_wconf 83' lang='lat' dir='ltr'>licentiam</span> <span class='ocrx_word' id='word_1_81' title='bbox 1317 1021 1468 1080; x_wconf 87' lang='lat' dir='ltr'>vitiis</span> <span class='ocrx_word' id='word_1_82' title='bbox 1500 1021 1894 1098; x_wconf 89' lang='lat' dir='ltr'>permiserint,</span> <span class='ocrx_word' id='word_1_83' title='bbox 1945 1019 2053 1080; x_wconf 91' lang='lat' dir='ltr'>sed</span> <span class='ocrx_word' id='word_1_84' title='bbox 2083 1021 2197 1078; x_wconf 84' lang='lat' dir='ltr'>vim</span> <span class='ocrx_word' id='word_1_85' title='bbox 2235 1018 2346 1078; x_wconf 88' lang='lat' dir='ltr'>ad</span> 
     </span>
     <span class='ocr_line' id='line_1_11' title="bbox 334 1104 2344 1184; baseline -0.004 -15"><span class='ocrx_word' id='word_1_86' title='bbox 334 1108 598 1182; x_wconf 88' lang='lat' dir='ltr'>hibeant,</span> <span class='ocrx_word' id='word_1_87' title='bbox 638 1111 709 1164; x_wconf 71' lang='grc' dir='ltr'>ιιι</span> <span class='ocrx_word' id='word_1_88' title='bbox 746 1121 1028 1184; x_wconf 79' lang='lat' dir='ltr'>proceres</span> <span class='ocrx_word' id='word_1_89' title='bbox 1056 1105 1299 1164; x_wconf 83' lang='lat' dir='ltr'>Romani</span> <span class='ocrx_word' id='word_1_90' title='bbox 1339 1106 1542 1182; x_wconf 88' lang='lat' dir='ltr'>specie</span> <span class='ocrx_word' id='word_1_91' title='bbox 1585 1107 1902 1166; x_wconf 83' lang='lat' dir='ltr'>orationum</span> <span class='ocrx_word' id='word_1_92' title='bbox 1932 1114 1990 1164; x_wconf 88' lang='lat' dir='ltr'>et</span> <span class='ocrx_word' id='word_1_93' title='bbox 2023 1104 2344 1176; x_wconf 83' lang='lat' dir='ltr'>carminum</span> 
     </span>
     <span class='ocr_line' id='line_1_12' title="bbox 336 1187 2344 1268; baseline -0.004 -16"><span class='ocrx_word' id='word_1_94' title='bbox 336 1208 547 1253; x_wconf 88' lang='lat' dir='ltr'>scaena</span> <span class='ocrx_word' id='word_1_95' title='bbox 562 1187 925 1268; x_wconf 87' lang='lat' dir='ltr'>polluantur.</span> <span class='ocrx_word' id='word_1_96' title='bbox 998 1188 1133 1266; x_wconf 83' lang='lat' dir='ltr'>quid</span> <span class='ocrx_word' id='word_1_97' title='bbox 1172 1206 1516 1266; x_wconf 83' lang='lat' dir='ltr'>superesse,</span> <span class='ocrx_word' id='word_1_98' title='bbox 1555 1189 1668 1250; x_wconf 89' lang='lat' dir='ltr'>nisi</span> <span class='ocrx_word' id='word_1_99' title='bbox 1707 1197 1768 1248; x_wconf 89' lang='lat' dir='ltr'>ut</span> <span class='ocrx_word' id='word_1_100' title='bbox 1811 1206 2060 1267; x_wconf 88' lang='lat' dir='ltr'>corpora</span> <span class='ocrx_word' id='word_1_101' title='bbox 2091 1204 2344 1266; x_wconf 85' lang='lat' dir='ltr'>quoque</span> 
     </span>
     <span class='ocr_line' id='line_1_13' title="bbox 334 1272 2343 1371; baseline -0.004 -35"><span class='ocrx_word' id='word_1_102' title='bbox 334 1275 548 1338; x_wconf 88' lang='lat' dir='ltr'>nudent</span> <span class='ocrx_word' id='word_1_103' title='bbox 578 1283 637 1334; x_wconf 90' lang='lat' dir='ltr'>et</span> <span class='ocrx_word' id='word_1_104' title='bbox 678 1281 911 1334; x_wconf 82' lang='lat' dir='ltr'>caestus</span> <span class='ocrx_word' id='word_1_105' title='bbox 954 1273 1250 1334; x_wconf 81' lang='lat' dir='ltr'>adsumant</span> <span class='ocrx_word' id='word_1_106' title='bbox 1281 1291 1497 1371; x_wconf 79' lang='lat' dir='ltr'>easque</span> <span class='ocrx_word' id='word_1_107' title='bbox 1526 1289 1750 1352; x_wconf 81' lang='lat' dir='ltr'>pugnas</span> <span class='ocrx_word' id='word_1_108' title='bbox 1787 1290 1897 1351; x_wconf 89' lang='lat' dir='ltr'>pro</span> <span class='ocrx_word' id='word_1_109' title='bbox 1927 1272 2124 1332; x_wconf 87' lang='lat' dir='ltr'>militia</span> <span class='ocrx_word' id='word_1_110' title='bbox 2151 1280 2214 1330; x_wconf 85' lang='lat' dir='ltr'>et</span> <span class='ocrx_word' id='word_1_111' title='bbox 2243 1289 2343 1328; x_wconf 85' lang='lat' dir='ltr'>ar·</span> 
     </span>
     <span class='ocr_line' id='line_1_14' title="bbox 336 1355 2344 1434; baseline -0.002 -18"><span class='ocrx_word' id='word_1_112' title='bbox 336 1362 441 1421; x_wconf 88' lang='lat' dir='ltr'>mis</span> <span class='ocrx_word' id='word_1_113' title='bbox 466 1355 851 1416; x_wconf 83' lang='lat' dir='ltr'>meditentur?</span> <span class='ocrx_word' id='word_1_114' title='bbox 882 1375 953 1416; x_wconf 88' lang='lat' dir='ltr'>an</span> <span class='ocrx_word' id='word_1_115' title='bbox 982 1365 1018 1424; x_wconf 66' lang='grc'>1-</span> <span class='ocrx_word' id='word_1_116' title='bbox 1040 1357 1250 1416; x_wconf 89' lang='lat' dir='ltr'>iustitia</span> <span class='ocrx_word' id='word_1_117' title='bbox 1277 1357 1494 1434; x_wconf 85' lang='lat' dir='ltr'>augurii</span> <span class='ocrx_word' id='word_1_118' title='bbox 1517 1367 1574 1415; x_wconf 89' lang='lat' dir='ltr'>et</span> <span class='ocrx_word' id='word_1_119' title='bbox 1599 1355 1860 1417; x_wconf 84' lang='lat' dir='ltr'>decurias</span> <span class='ocrx_word' id='word_1_120' title='bbox 1888 1357 2140 1434; x_wconf 88' lang='lat' dir='ltr'>equitum</span> <span class='ocrx_word' id='word_1_121' title='bbox 2162 1373 2344 1430; x_wconf 84' lang='lat' dir='ltr'>egre·</span> 
     </span>
     <span class='ocr_line' id='line_1_15' title="bbox 265 1437 2342 1517; baseline -0.005 -13"><span class='ocrx_word' id='word_1_122' title='bbox 265 1465 318 1504; x_wconf 87' lang='lat'>20</span> <span class='ocrx_word' id='word_1_123' title='bbox 338 1444 491 1517; x_wconf 85' lang='lat' dir='ltr'>gium</span> <span class='ocrx_word' id='word_1_124' title='bbox 524 1439 810 1508; x_wconf 88' lang='lat' dir='ltr'>iudicandi</span> <span class='ocrx_word' id='word_1_125' title='bbox 854 1456 1053 1497; x_wconf 90' lang='lat' dir='ltr'>munus</span> <span class='ocrx_word' id='word_1_126' title='bbox 1084 1439 1460 1516; x_wconf 23' lang='lat' dir='ltr'>explweturos</span> <span class='ocrx_word' id='word_1_127' title='bbox 1505 1441 1556 1500; x_wconf 89' lang='lat' dir='ltr'>si</span> <span class='ocrx_word' id='word_1_128' title='bbox 1586 1439 1806 1499; x_wconf 84' lang='lat' dir='ltr'>fractos</span> <span class='ocrx_word' id='word_1_129' title='bbox 1837 1457 2016 1500; x_wconf 84' lang='lat' dir='ltr'>sonos</span> <span class='ocrx_word' id='word_1_130' title='bbox 2045 1448 2108 1496; x_wconf 90' lang='lat' dir='ltr'>et</span> <span class='ocrx_word' id='word_1_131' title='bbox 2134 1437 2342 1500; x_wconf 89' lang='lat' dir='ltr'>dulce-</span> 
     </span>
     <span class='ocr_line' id='line_1_16' title="bbox 338 1504 2342 1602; baseline -0.003 -19"><span class='ocrx_word' id='word_1_132' title='bbox 338 1525 523 1584; x_wconf 90' lang='lat' dir='ltr'>dinem</span> <span class='ocrx_word' id='word_1_133' title='bbox 556 1539 765 1580; x_wconf 81' lang='lat' dir='ltr'>vocum</span> <span class='ocrx_word' id='word_1_134' title='bbox 794 1524 983 1598; x_wconf 89' lang='lat' dir='ltr'>perite</span> <span class='ocrx_word' id='word_1_135' title='bbox 1016 1504 1350 1581; x_wconf 78' lang='lat' dir='ltr'>audissent?</span> <span class='ocrx_word' id='word_1_136' title='bbox 1388 1531 1595 1582; x_wconf 90' lang='lat' dir='ltr'>noctes</span> <span class='ocrx_word' id='word_1_137' title='bbox 1640 1539 1904 1602; x_wconf 87' lang='lat' dir='ltr'>quoque</span> <span class='ocrx_word' id='word_1_138' title='bbox 1913 1522 2198 1582; x_wconf 88' lang='lat' dir='ltr'>dedecori</span> <span class='ocrx_word' id='word_1_139' title='bbox 2241 1520 2342 1580; x_wconf 85' lang='lat' dir='ltr'>ad·</span> 
     </span>
     <span class='ocr_line' id='line_1_17' title="bbox 337 1598 2342 1683; baseline -0.003 -16"><span class='ocrx_word' id='word_1_140' title='bbox 337 1611 553 1681; x_wconf 88' lang='lat' dir='ltr'>iectas,</span> <span class='ocrx_word' id='word_1_141' title='bbox 596 1622 668 1664; x_wconf 88' lang='lat' dir='ltr'>ne</span> <span class='ocrx_word' id='word_1_142' title='bbox 711 1603 865 1682; x_wconf 87' lang='lat' dir='ltr'>quod</span> <span class='ocrx_word' id='word_1_143' title='bbox 906 1613 1133 1680; x_wconf 90' lang='lat' dir='ltr'>tempus</span> <span class='ocrx_word' id='word_1_144' title='bbox 1181 1598 1406 1682; x_wconf 86' lang='lat' dir='ltr'>pudori</span> <span class='ocrx_word' id='word_1_145' title='bbox 1431 1605 1818 1683; x_wconf 77' lang='lat' dir='ltr'>relinquatur,</span> <span class='ocrx_word' id='word_1_146' title='bbox 1859 1606 1962 1666; x_wconf 88' lang='lat' dir='ltr'>sed</span> <span class='ocrx_word' id='word_1_147' title='bbox 1995 1615 2172 1665; x_wconf 89' lang='lat' dir='ltr'>coetu</span> <span class='ocrx_word' id='word_1_148' title='bbox 2202 1621 2342 1683; x_wconf 90' lang='lat' dir='ltr'>pro·</span> 
     </span>
     <span class='ocr_line' id='line_1_18' title="bbox 337 1685 2346 1813; baseline -0.001 -63"><span class='ocrx_word' id='word_1_149' title='bbox 337 1693 539 1766; x_wconf 78' lang='lat' dir='ltr'>misc-0,</span> <span class='ocrx_word' id='word_1_150' title='bbox 577 1686 731 1766; x_wconf 86' lang='lat' dir='ltr'>quod</span> <span class='ocrx_word' id='word_1_151' title='bbox 760 1685 1173 1766; x_wconf 87' lang='lat' dir='ltr'>perditissimus</span> <span class='ocrx_word' id='word_1_152' title='bbox 1206 1688 1448 1813; x_wconf 88' lang='lat' dir='ltr'>quisque</span> <span class='ocrx_word' id='word_1_153' title='bbox 1475 1708 1581 1768; x_wconf 89' lang='lat' dir='ltr'>per</span> <span class='ocrx_word' id='word_1_154' title='bbox 1602 1688 1752 1806; x_wconf 79' lang='lat' dir='ltr'>diem</span> <span class='ocrx_word' id='word_1_155' title='bbox 1775 1689 2198 1768; x_wconf 71' lang='lat' dir='ltr'>concupiverit,</span> <span class='ocrx_word' id='word_1_156' title='bbox 2235 1707 2346 1767; x_wconf 88' lang='lat' dir='ltr'>per</span> 
     </span>
     <span class='ocr_line' id='line_1_19' title="bbox 336 1770 863 1838; baseline -0.006 -5"><span class='ocrx_word' id='word_1_157' title='bbox 336 1773 609 1838; x_wconf 83' lang='lat' dir='ltr'>tenebras</span> <span class='ocrx_word' id='word_1_158' title='bbox 636 1770 863 1832; x_wconf 80' lang='lat' dir='ltr'>audeat</span> 
     </span>
     <span class='ocr_line' id='line_1_20' title="bbox 466 1807 2344 1934; baseline -0.001 -18"><span class='ocrx_word' id='word_1_159' title='bbox 466 1857 568 1916; x_wconf 86' lang='lat'>21.</span> <span class='ocrx_word' id='word_1_160' title='bbox 616 1854 881 1916; x_wconf 79' lang='lat' dir='ltr'>Pluribus</span> <span class='ocrx_word' id='word_1_161' title='bbox 938 1857 1064 1934; x_wconf 87' lang='lat' dir='ltr'>ipsa</span> <span class='ocrx_word' id='word_1_162' title='bbox 1112 1807 1346 1915; x_wconf 86' lang='lat' dir='ltr'>licentia</span> <span class='ocrx_word' id='word_1_163' title='bbox 1393 1855 1691 1934; x_wconf 81' lang='lat' dir='ltr'>placebat,</span> <span class='ocrx_word' id='word_1_164' title='bbox 1740 1875 1813 1918; x_wconf 85' lang='lat' dir='ltr'>ac</span> <span class='ocrx_word' id='word_1_165' title='bbox 1853 1867 2042 1917; x_wconf 87' lang='lat' dir='ltr'>tamen</span> <span class='ocrx_word' id='word_1_166' title='bbox 2089 1857 2344 1916; x_wconf 83' lang='lat' dir='ltr'>honesta</span> 
     </span>
     <span class='ocr_line' id='line_1_21' title="bbox 340 1927 2342 2020; baseline -0.003 -16"><span class='ocrx_word' id='word_1_167' title='bbox 340 1942 567 2004; x_wconf 89' lang='lat' dir='ltr'>nomina</span> <span class='ocrx_word' id='word_1_168' title='bbox 601 1927 1070 2020; x_wconf 84' lang='lat' dir='ltr'>praetendebant.</span> <span class='ocrx_word' id='word_1_169' title='bbox 1126 1940 1378 1999; x_wconf 83' lang='lat' dir='ltr'>maiores</span> <span class='ocrx_word' id='word_1_170' title='bbox 1411 1958 1644 2019; x_wconf 87' lang='lat' dir='ltr'>quoque</span> <span class='ocrx_word' id='word_1_171' title='bbox 1669 1959 1783 2002; x_wconf 90' lang='lat' dir='ltr'>non</span> <span class='ocrx_word' id='word_1_172' title='bbox 1807 1941 2178 2008; x_wconf 87' lang='lat' dir='ltr'>abhorruisse</span> <span class='ocrx_word' id='word_1_173' title='bbox 2205 1957 2342 2019; x_wconf 91' lang='lat' dir='ltr'>spe-</span> 
     </span>
     <span class='ocr_line' id='line_1_22' title="bbox 344 2023 2344 2104; baseline -0.004 -15"><span class='ocrx_word' id='word_1_174' title='bbox 344 2026 699 2089; x_wconf 87' lang='lat' dir='ltr'>ctaculorum</span> <span class='ocrx_word' id='word_1_175' title='bbox 728 2023 1169 2094; x_wconf 80' lang='lat' dir='ltr'>oblectamentis</span> <span class='ocrx_word' id='word_1_176' title='bbox 1204 2041 1311 2102; x_wconf 91' lang='lat' dir='ltr'>pro</span> <span class='ocrx_word' id='word_1_177' title='bbox 1356 2025 1586 2085; x_wconf 84' lang='lat' dir='ltr'>fortuna</span> <span class='ocrx_word' id='word_1_178' title='bbox 1619 2043 1766 2104; x_wconf 79' lang='lat' dir='ltr'>quae</span> <span class='ocrx_word' id='word_1_179' title='bbox 1795 2036 1910 2086; x_wconf 89' lang='lat' dir='ltr'>tum</span> <span class='ocrx_word' id='word_1_180' title='bbox 1939 2035 2094 2101; x_wconf 87' lang='lat' dir='ltr'>erat,</span> <span class='ocrx_word' id='word_1_181' title='bbox 2142 2041 2344 2102; x_wconf 83' lang='lat' dir='ltr'>eoque</span> 
     </span>
     <span class='ocr_line' id='line_1_23' title="bbox 266 2108 2344 2193; baseline -0.003 -22"><span class='ocrx_word' id='word_1_182' title='bbox 266 2155 273 2163; x_wconf 83' lang='grc'><strong>-</strong></span> <span class='ocrx_word' id='word_1_183' title='bbox 342 2132 375 2171; x_wconf 88' lang='lat' dir='ltr'>a</span> <span class='ocrx_word' id='word_1_184' title='bbox 406 2111 611 2171; x_wconf 85' lang='lat' dir='ltr'>Tuscis</span> <span class='ocrx_word' id='word_1_185' title='bbox 649 2111 868 2169; x_wconf 89' lang='lat' dir='ltr'>accitos</span> <span class='ocrx_word' id='word_1_186' title='bbox 901 2108 1246 2183; x_wconf 90' lang='lat' dir='ltr'>histriones,</span> <span class='ocrx_word' id='word_1_187' title='bbox 1280 2127 1312 2167; x_wconf 87' lang='lat' dir='ltr'>a</span> <span class='ocrx_word' id='word_1_188' title='bbox 1343 2108 1570 2173; x_wconf 86' lang='lat' dir='ltr'>Thuriis</span> <span class='ocrx_word' id='word_1_189' title='bbox 1597 2128 1898 2193; x_wconf 79' lang='lat' dir='ltr'>equorum</span> <span class='ocrx_word' id='word_1_190' title='bbox 1905 2110 2248 2175; x_wconf 88' lang='lat' dir='ltr'>certamina;</span> <span class='ocrx_word' id='word_1_191' title='bbox 2283 2117 2344 2166; x_wconf 89' lang='lat' dir='ltr'>et</span> 
     </span>
     <span class='ocr_line' id='line_1_24' title="bbox 248 2180 2342 2273; baseline -0.001 -19"><span class='ocrx_word' id='word_1_192' title='bbox 248 2214 317 2267; x_wconf 58' lang='lat'>,5</span> <span class='ocrx_word' id='word_1_193' title='bbox 344 2210 627 2273; x_wconf 80' lang='lat' dir='ltr'>possessa</span> <span class='ocrx_word' id='word_1_194' title='bbox 656 2192 881 2251; x_wconf 87' lang='lat' dir='ltr'>Achaia</span> <span class='ocrx_word' id='word_1_195' title='bbox 908 2193 1165 2271; x_wconf 81' lang='lat' dir='ltr'>Asiaque</span> <span class='ocrx_word' id='word_1_196' title='bbox 1210 2192 1378 2254; x_wconf 81' lang='lat' dir='ltr'>ludos</span> <span class='ocrx_word' id='word_1_197' title='bbox 1423 2194 1674 2255; x_wconf 85' lang='lat' dir='ltr'>curatius</span> <span class='ocrx_word' id='word_1_198' title='bbox 1719 2180 1941 2270; x_wconf 82' lang='lat' dir='ltr'>editoS,</span> <span class='ocrx_word' id='word_1_199' title='bbox 1985 2211 2096 2253; x_wconf 91' lang='lat' dir='ltr'>nec</span> <span class='ocrx_word' id='word_1_200' title='bbox 2139 2210 2342 2271; x_wconf 85' lang='lat' dir='ltr'>quem-</span> 
     </span>
     <span class='ocr_line' id='line_1_25' title="bbox 344 2275 2342 2355; baseline 0 -20"><span class='ocrx_word' id='word_1_201' title='bbox 344 2294 513 2355; x_wconf 84' lang='lat' dir='ltr'>quam</span> <span class='ocrx_word' id='word_1_202' title='bbox 532 2276 753 2345; x_wconf 88' lang='lat' dir='ltr'>Romae</span> <span class='ocrx_word' id='word_1_203' title='bbox 786 2275 1035 2338; x_wconf 89' lang='lat' dir='ltr'>honesto</span> <span class='ocrx_word' id='word_1_204' title='bbox 1068 2276 1201 2335; x_wconf 89' lang='lat' dir='ltr'>loco</span> <span class='ocrx_word' id='word_1_205' title='bbox 1236 2286 1421 2337; x_wconf 87' lang='lat' dir='ltr'>ortum</span> <span class='ocrx_word' id='word_1_206' title='bbox 1449 2277 1520 2337; x_wconf 90' lang='lat' dir='ltr'>ad</span> <span class='ocrx_word' id='word_1_207' title='bbox 1553 2277 1866 2339; x_wconf 88' lang='lat' dir='ltr'>theatrales</span> <span class='ocrx_word' id='word_1_208' title='bbox 1899 2286 2056 2338; x_wconf 88' lang='lat' dir='ltr'>artes</span> <span class='ocrx_word' id='word_1_209' title='bbox 2083 2277 2342 2353; x_wconf 81' lang='lat' dir='ltr'>degene-</span> 
     </span>
     <span class='ocr_line' id='line_1_26' title="bbox 345 2358 2336 2439; baseline -0.002 -20"><span class='ocrx_word' id='word_1_210' title='bbox 345 2360 597 2435; x_wconf 85' lang='lat' dir='ltr'>ravisse,</span> <span class='ocrx_word' id='word_1_211' title='bbox 631 2358 940 2420; x_wconf 90' lang='lat' dir='ltr'>ducentis</span> <span class='ocrx_word' id='word_1_212' title='bbox 924 2361 1241 2422; x_wconf 76' lang='lat' dir='ltr'>tam-annis</span> <span class='ocrx_word' id='word_1_213' title='bbox 1281 2378 1314 2421; x_wconf 90' lang='lat' dir='ltr'>a</span> <span class='ocrx_word' id='word_1_214' title='bbox 1343 2360 1404 2421; x_wconf 89' lang='lat' dir='ltr'>L.</span> <span class='ocrx_word' id='word_1_215' title='bbox 1442 2361 1688 2437; x_wconf 79' lang='lat' dir='ltr'>Mummii</span> <span class='ocrx_word' id='word_1_216' title='bbox 1721 2361 2041 2439; x_wconf 81' lang='lat' dir='ltr'>triumpho,</span> <span class='ocrx_word' id='word_1_217' title='bbox 2083 2362 2176 2439; x_wconf 81' lang='lat' dir='ltr'>qui</span> <span class='ocrx_word' id='word_1_218' title='bbox 2220 2360 2336 2437; x_wconf 86' lang='lat' dir='ltr'>pri·</span> 
     </span>
     <span class='ocr_line' id='line_1_27' title="bbox 343 2440 2338 2523; baseline -0.003 -18"><span class='ocrx_word' id='word_1_219' title='bbox 343 2462 466 2513; x_wconf 89' lang='lat' dir='ltr'>mus</span> <span class='ocrx_word' id='word_1_220' title='bbox 497 2442 556 2502; x_wconf 90' lang='lat' dir='ltr'>id</span> <span class='ocrx_word' id='word_1_221' title='bbox 576 2461 764 2521; x_wconf 85' lang='lat' dir='ltr'>genus</span> <span class='ocrx_word' id='word_1_222' title='bbox 796 2443 1116 2521; x_wconf 90' lang='lat' dir='ltr'>spectaculi</span> <span class='ocrx_word' id='word_1_223' title='bbox 1141 2446 1197 2503; x_wconf 86' lang='lat' dir='ltr'>in</span> <span class='ocrx_word' id='word_1_224' title='bbox 1221 2440 1370 2507; x_wconf 75' lang='lat' dir='ltr'>&#39;urb-e</span> <span class='ocrx_word' id='word_1_225' title='bbox 1393 2445 1742 2523; x_wconf 85' lang='lat' dir='ltr'>praebuerit.</span> <span class='ocrx_word' id='word_1_226' title='bbox 1799 2444 1906 2505; x_wconf 90' lang='lat' dir='ltr'>sed</span> <span class='ocrx_word' id='word_1_227' title='bbox 1929 2455 1986 2505; x_wconf 91' lang='lat' dir='ltr'>et</span> <span class='ocrx_word' id='word_1_228' title='bbox 2016 2442 2338 2505; x_wconf 84' lang='lat' dir='ltr'>consultum</span> 
     </span>
     <span class='ocr_line' id='line_1_28' title="bbox 346 2527 2338 2607; baseline -0.002 -18"><span class='ocrx_word' id='word_1_229' title='bbox 346 2529 764 2607; x_wconf 86' lang='lat' dir='ltr'>parsimoniae,</span> <span class='ocrx_word' id='word_1_230' title='bbox 809 2527 962 2605; x_wconf 89' lang='lat' dir='ltr'>quod</span> <span class='ocrx_word' id='word_1_231' title='bbox 1004 2536 1286 2607; x_wconf 89' lang='lat' dir='ltr'>perpetua</span> <span class='ocrx_word' id='word_1_232' title='bbox 1323 2528 1497 2589; x_wconf 88' lang='lat' dir='ltr'>sedes</span> <span class='ocrx_word' id='word_1_233' title='bbox 1525 2528 1752 2593; x_wconf 82' lang='lat' dir='ltr'>theatro</span> <span class='ocrx_word' id='word_1_234' title='bbox 1796 2530 1990 2591; x_wconf 88' lang='lat' dir='ltr'>locata</span> <span class='ocrx_word' id='word_1_235' title='bbox 2021 2532 2094 2589; x_wconf 90' lang='lat' dir='ltr'>sit</span> <span class='ocrx_word' id='word_1_236' title='bbox 2125 2528 2338 2607; x_wconf 88' lang='lat' dir='ltr'>potius,</span> 
     </span>
     <span class='ocr_line' id='line_1_29' title="bbox 277 2610 2339 2695; baseline -0.001 -24"><span class='ocrx_word' id='word_1_237' title='bbox 277 2632 326 2671; x_wconf 81' lang='grc' dir='ltr'>ιο</span> <span class='ocrx_word' id='word_1_238' title='bbox 348 2630 515 2695; x_wconf 83' lang='lat' dir='ltr'>quam</span> <span class='ocrx_word' id='word_1_239' title='bbox 542 2613 819 2671; x_wconf 88' lang='lat' dir='ltr'>immenso</span> <span class='ocrx_word' id='word_1_240' title='bbox 850 2620 1075 2691; x_wconf 84' lang='lat' dir='ltr'>sumptu</span> <span class='ocrx_word' id='word_1_241' title='bbox 1103 2612 1366 2687; x_wconf 81' lang='lat' dir='ltr'>singulos</span> <span class='ocrx_word' id='word_1_242' title='bbox 1396 2631 1501 2691; x_wconf 91' lang='lat' dir='ltr'>per</span> <span class='ocrx_word' id='word_1_243' title='bbox 1530 2631 1710 2673; x_wconf 79' lang='lat' dir='ltr'>annos</span> <span class='ocrx_word' id='word_1_244' title='bbox 1735 2622 2116 2690; x_wconf 79' lang='lat' dir='ltr'>consurgeret</span> <span class='ocrx_word' id='word_1_245' title='bbox 2145 2628 2217 2671; x_wconf 88' lang='lat' dir='ltr'>ac</span> <span class='ocrx_word' id='word_1_246' title='bbox 2242 2610 2339 2670; x_wconf 90' lang='lat' dir='ltr'>de-</span> 
     </span>
     <span class='ocr_line' id='line_1_30' title="bbox 246 2694 2338 2774; baseline 0 -21"><span class='ocrx_word' id='word_1_247' title='bbox 246 2707 251 2711; x_wconf 77' lang='lat'><strong>·</strong></span> <span class='ocrx_word' id='word_1_248' title='bbox 348 2704 682 2763; x_wconf 86' lang='lat' dir='ltr'>strueretur.</span> <span class='ocrx_word' id='word_1_249' title='bbox 754 2714 866 2755; x_wconf 88' lang='lat' dir='ltr'>nec</span> <span class='ocrx_word' id='word_1_250' title='bbox 910 2694 1150 2774; x_wconf 89' lang='lat' dir='ltr'>perinde</span> <span class='ocrx_word' id='word_1_251' title='bbox 1188 2696 1560 2773; x_wconf 86' lang='lat' dir='ltr'>magistratus</span> <span class='ocrx_word' id='word_1_252' title='bbox 1600 2715 1722 2756; x_wconf 89' lang='lat' dir='ltr'>rem</span> <span class='ocrx_word' id='word_1_253' title='bbox 1755 2696 2097 2758; x_wconf 82' lang='lat' dir='ltr'>familiarem</span> <span class='ocrx_word' id='word_1_254' title='bbox 2126 2695 2338 2755; x_wconf 83' lang='lat' dir='ltr'>exhau-</span> 
     </span>
     <span class='ocr_line' id='line_1_31' title="bbox 347 2778 2339 2858; baseline -0.001 -19"><span class='ocrx_word' id='word_1_255' title='bbox 347 2788 537 2839; x_wconf 88' lang='lat' dir='ltr'>sturos</span> <span class='ocrx_word' id='word_1_256' title='bbox 568 2788 662 2839; x_wconf 90' lang='lat' dir='ltr'>aut</span> <span class='ocrx_word' id='word_1_257' title='bbox 694 2780 913 2858; x_wconf 89' lang='lat' dir='ltr'>populo</span> <span class='ocrx_word' id='word_1_258' title='bbox 944 2778 1298 2855; x_wconf 86' lang='lat' dir='ltr'>efflagitandi</span> <span class='ocrx_word' id='word_1_259' title='bbox 1329 2778 1552 2841; x_wconf 87' lang='lat' dir='ltr'>Graeca</span> <span class='ocrx_word' id='word_1_260' title='bbox 1585 2782 1892 2841; x_wconf 86' lang='lat' dir='ltr'>certamina</span> <span class='ocrx_word' id='word_1_261' title='bbox 1925 2798 1988 2840; x_wconf 82' lang='lat' dir='ltr'>a</span> <span class='ocrx_word' id='word_1_262' title='bbox 1995 2780 2339 2856; x_wconf 75' lang='lat' dir='ltr'>magistrati-</span> 
     </span>
     <span class='ocr_line' id='line_1_32' title="bbox 299 2862 2338 2963; baseline 0 -42"><span class='ocrx_word' id='word_1_263' title='bbox 299 2862 454 2921; x_wconf 89' lang='lat' dir='ltr'>·bus</span> <span class='ocrx_word' id='word_1_264' title='bbox 486 2880 715 2923; x_wconf 89' lang='lat' dir='ltr'>causam</span> <span class='ocrx_word' id='word_1_265' title='bbox 746 2863 911 2939; x_wconf 79' lang='lat' dir='ltr'>fore,</span> <span class='ocrx_word' id='word_1_266' title='bbox 958 2882 1084 2923; x_wconf 86' lang='lat' dir='ltr'>cum</span> <span class='ocrx_word' id='word_1_267' title='bbox 1114 2880 1185 2922; x_wconf 90' lang='lat' dir='ltr'>eo</span> <span class='ocrx_word' id='word_1_268' title='bbox 1220 2872 1444 2962; x_wconf 87' lang='lat' dir='ltr'>sumptu</span> <span class='ocrx_word' id='word_1_269' title='bbox 1470 2882 1566 2923; x_wconf 92' lang='lat' dir='ltr'>res</span> <span class='ocrx_word' id='word_1_270' title='bbox 1603 2864 1832 2942; x_wconf 90' lang='lat' dir='ltr'>publica</span> <span class='ocrx_word' id='word_1_271' title='bbox 1859 2864 2146 2963; x_wconf 74' lang='lat' dir='ltr'>fungatur.</span> <span class='ocrx_word' id='word_1_272' title='bbox 2211 2880 2338 2922; x_wconf 91' lang='lat' dir='ltr'>ora-</span> 
     </span>
     <span class='ocr_line' id='line_1_33' title="bbox 345 2947 2336 3025; baseline 0.001 -22"><span class='ocrx_word' id='word_1_273' title='bbox 345 2955 533 3005; x_wconf 91' lang='lat' dir='ltr'>torum</span> <span class='ocrx_word' id='word_1_274' title='bbox 576 2965 645 3005; x_wconf 88' lang='lat' dir='ltr'>ac</span> <span class='ocrx_word' id='word_1_275' title='bbox 694 2956 883 3005; x_wconf 85' lang='lat' dir='ltr'>vatum</span> <span class='ocrx_word' id='word_1_276' title='bbox 928 2948 1201 3010; x_wconf 84' lang='lat' dir='ltr'>victorias</span> <span class='ocrx_word' id='word_1_277' title='bbox 1249 2948 1674 3017; x_wconf 86' lang='lat' dir='ltr'>incitamentum</span> <span class='ocrx_word' id='word_1_278' title='bbox 1727 2949 1976 3025; x_wconf 82' lang='lat' dir='ltr'>ingeniis</span> <span class='ocrx_word' id='word_1_279' title='bbox 2023 2947 2336 3013; x_wconf 56' lang='lat' dir='ltr'>adlaturam</span> 
     </span>
     <span class='ocr_line' id='line_1_34' title="bbox 278 3030 2336 3109; baseline -0 -21"><span class='ocrx_word' id='word_1_280' title='bbox 278 3043 327 3083; x_wconf 87' lang='lat'>1⁵</span> <span class='ocrx_word' id='word_1_281' title='bbox 346 3047 456 3089; x_wconf 91' lang='lat' dir='ltr'>nec</span> <span class='ocrx_word' id='word_1_282' title='bbox 487 3031 749 3108; x_wconf 85' lang='lat' dir='ltr'>cuiquam</span> <span class='ocrx_word' id='word_1_283' title='bbox 791 3030 963 3089; x_wconf 89' lang='lat' dir='ltr'>iudici</span> <span class='ocrx_word' id='word_1_284' title='bbox 1004 3049 1186 3106; x_wconf 86' lang='lat' dir='ltr'>grave</span> <span class='ocrx_word' id='word_1_285' title='bbox 1217 3048 1390 3091; x_wconf 86' lang='lat' dir='ltr'>aures</span> <span class='ocrx_word' id='word_1_286' title='bbox 1429 3030 1632 3093; x_wconf 85' lang='lat' dir='ltr'>studiis</span> <span class='ocrx_word' id='word_1_287' title='bbox 1653 3031 1915 3099; x_wconf 83' lang='lat' dir='ltr'>honestis</span> <span class='ocrx_word' id='word_1_288' title='bbox 1948 3041 2006 3092; x_wconf 92' lang='lat' dir='ltr'>et</span> <span class='ocrx_word' id='word_1_289' title='bbox 2031 3031 2336 3109; x_wconf 84' lang='lat' dir='ltr'>voluptati-</span> 
     </span>
     <span class='ocr_line' id='line_1_35' title="bbox 346 3112 2336 3210; baseline 0.001 -39"><span class='ocrx_word' id='word_1_290' title='bbox 346 3114 454 3173; x_wconf 90' lang='lat' dir='ltr'>bus</span> <span class='ocrx_word' id='word_1_291' title='bbox 488 3113 786 3174; x_wconf 90' lang='lat' dir='ltr'>concessis</span> <span class='ocrx_word' id='word_1_292' title='bbox 817 3114 1127 3210; x_wconf 86' lang='lat' dir='ltr'>impertire.</span> <span class='ocrx_word' id='word_1_293' title='bbox 1198 3114 1454 3175; x_wconf 90' lang='lat' dir='ltr'>laetitiae</span> <span class='ocrx_word' id='word_1_294' title='bbox 1482 3116 1668 3193; x_wconf 83' lang='lat' dir='ltr'>magis</span> <span class='ocrx_word' id='word_1_295' title='bbox 1699 3133 1865 3194; x_wconf 88' lang='lat' dir='ltr'>quam</span> <span class='ocrx_word' id='word_1_296' title='bbox 1905 3115 2186 3179; x_wconf 68' lang='lat' dir='ltr'>lasciuiae</span> <span class='ocrx_word' id='word_1_297' title='bbox 2219 3112 2336 3174; x_wconf 88' lang='lat' dir='ltr'>dari</span> 
     </span>
     <span class='ocr_line' id='line_1_36' title="bbox 346 3197 2334 3277; baseline 0.001 -20"><span class='ocrx_word' id='word_1_298' title='bbox 346 3214 560 3274; x_wconf 88' lang='lat' dir='ltr'>paucas</span> <span class='ocrx_word' id='word_1_299' title='bbox 605 3197 779 3255; x_wconf 89' lang='lat' dir='ltr'>totius</span> <span class='ocrx_word' id='word_1_300' title='bbox 823 3197 1192 3274; x_wconf 87' lang='lat' dir='ltr'>quinquennii</span> <span class='ocrx_word' id='word_1_301' title='bbox 1233 3208 1472 3274; x_wconf 78' lang='lat' dir='ltr'>noctes,</span> <span class='ocrx_word' id='word_1_302' title='bbox 1516 3200 1722 3277; x_wconf 84' lang='lat' dir='ltr'>quihus</span> <span class='ocrx_word' id='word_1_303' title='bbox 1767 3208 1921 3260; x_wconf 88' lang='lat' dir='ltr'>tanta</span> <span class='ocrx_word' id='word_1_304' title='bbox 1960 3201 2092 3260; x_wconf 90' lang='lat' dir='ltr'>luce</span> <span class='ocrx_word' id='word_1_305' title='bbox 2127 3200 2334 3276; x_wconf 86' lang='lat' dir='ltr'>ignium</span> 
     </span>
     <span class='ocr_line' id='line_1_37' title="bbox 346 3278 2332 3364; baseline 0.003 -27"><span class='ocrx_word' id='word_1_306' title='bbox 346 3278 486 3339; x_wconf 90' lang='lat' dir='ltr'>nihil</span> <span class='ocrx_word' id='word_1_307' title='bbox 518 3279 791 3339; x_wconf 86' lang='lat' dir='ltr'>inlicitum</span> <span class='ocrx_word' id='word_1_308' title='bbox 823 3280 1098 3342; x_wconf 86' lang='lat' dir='ltr'>occultari</span> <span class='ocrx_word' id='word_1_309' title='bbox 1131 3292 1325 3361; x_wconf 87' lang='lat' dir='ltr'>queat.</span> <span class='ocrx_word' id='word_1_310' title='bbox 1400 3301 1540 3343; x_wconf 86' lang='lat' dir='ltr'>sane</span> <span class='ocrx_word' id='word_1_311' title='bbox 1569 3283 1725 3345; x_wconf 87' lang='lat' dir='ltr'>nullo</span> <span class='ocrx_word' id='word_1_312' title='bbox 1757 3285 1965 3364; x_wconf 77' lang='lat' dir='ltr'>insigni</span> <span class='ocrx_word' id='word_1_313' title='bbox 1995 3283 2332 3345; x_wconf 70' lang='lat' dir='ltr'>dehoneste</span> 
     </span>
     <span class='ocr_line' id='line_1_38' title="bbox 306 3363 2334 3465; baseline 0.003 -44.098"><span class='ocrx_word' id='word_1_314' title='bbox 306 3372 537 3424; x_wconf 87' lang='lat' dir='ltr'>mento</span> <span class='ocrx_word' id='word_1_315' title='bbox 570 3363 626 3421; x_wconf 94' lang='lat' dir='ltr'>id</span> <span class='ocrx_word' id='word_1_316' title='bbox 671 3363 1069 3465; x_wconf 81' lang='lat' dir='ltr'>spectaculum</span> <span class='ocrx_word' id='word_1_317' title='bbox 1108 3368 1348 3425; x_wconf 89' lang='lat' dir='ltr'>transiit.</span> <span class='ocrx_word' id='word_1_318' title='bbox 1405 3384 1474 3425; x_wconf 88' lang='lat' dir='ltr'>ac</span> <span class='ocrx_word' id='word_1_319' title='bbox 1518 3385 1591 3428; x_wconf 86' lang='lat' dir='ltr'>ne</span> <span class='ocrx_word' id='word_1_320' title='bbox 1632 3368 1858 3432; x_wconf 87' lang='lat' dir='ltr'>modica</span> <span class='ocrx_word' id='word_1_321' title='bbox 1899 3367 2128 3447; x_wconf 79' lang='lat' dir='ltr'>quidem</span> <span class='ocrx_word' id='word_1_322' title='bbox 2157 3367 2334 3427; x_wconf 84' lang='lat' dir='ltr'>studia</span> 
     </span>
     <span class='ocr_line' id='line_1_39' title="bbox 274 3444 2334 3575; baseline 0.009 -80"><span class='ocrx_word' id='word_1_323' title='bbox 274 3444 535 3521; x_wconf 68' lang='lat' dir='ltr'>mplebis</span> <span class='ocrx_word' id='word_1_324' title='bbox 568 3463 873 3524; x_wconf 83' lang='lat' dir='ltr'>exarsere,</span> <span class='ocrx_word' id='word_1_325' title='bbox 921 3450 1053 3525; x_wconf 89' lang='lat' dir='ltr'>quia</span> <span class='ocrx_word' id='word_1_326' title='bbox 1093 3449 1300 3512; x_wconf 90' lang='lat' dir='ltr'>redditi</span> <span class='ocrx_word' id='word_1_327' title='bbox 1344 3467 1685 3527; x_wconf 85' lang='lat' dir='ltr'>quamquam</span> <span class='ocrx_word' id='word_1_328' title='bbox 1729 3470 1976 3513; x_wconf 87' lang='lat' dir='ltr'>scaenae</span> <span class='ocrx_word' id='word_1_329' title='bbox 2008 3451 2334 3575; x_wconf 75' lang='lat' dir='ltr'>pantomimi</span> 
     </span>
    </p>
   </div>
   <div class='ocr_carea' id='block_1_5' title="bbox 2466 0 2471 960">
    <p class='ocr_par' dir='ltr' id='par_1_5' title="bbox 2466 0 2471 960">
     <span class='ocr_line' id='line_1_40' title="bbox 2466 0 2471 960; baseline 0 0"><span class='ocrx_word' id='word_1_330' title='bbox 2466 0 2471 960; x_wconf 95' lang='lat' dir='ltr'> </span> 
     </span>
    </p>
   </div>
  </div>
 </body>
</html>
