2475 4000
733 198 942 247 ΗΠΒ
979 200 1057 248 11.
1097 200 1249 249 cnr.
1289 199 1553 255 26—32.
2065 198 2143 261 53

163 352 324 412 fores
365 353 556 435 curiae
598 354 934 433 innisusque
971 354 1132 415 fratri
1175 364 1233 414 et
1276 374 1471 419 manus
1516 376 1585 417 ac
1625 360 1921 440 supplices
1964 383 2148 428 voces

163 435 232 495 ad
260 435 549 497 Tiberium
571 437 815 498 tendens
849 440 1080 499 immoto
1109 440 1234 498 eius
1268 439 1427 499 vultu
1456 442 1757 521 excipitur.
1814 465 1951 507 mox
1979 450 2145 511 libel-

160 520 250 579 los
291 528 352 579 et
393 529 664 581 auctores
700 523 908 597 recitat
937 519 1154 582 Caesar
1193 522 1271 583 ita
1298 522 1633 602 moderans,
1674 546 1747 587 ne
1780 530 1963 592 lenire
1992 551 2143 596 neve

161 610 444 687 asperare,
467 606 700 666 crimina
731 604 1041 666 videretur.

273 689 376 750 30.
420 689 812 749 Accesserant
849 698 1082 769 praeter
1119 688 1389 751 Trionem
1429 699 1485 751 et
1533 690 1731 753 Catum
1774 709 2142 762 accusatores

155 772 430 833 Fonteius
466 774 732 853 Agrippa
779 782 861 833 et·
883 772 950 834 C.
989 772 1222 851 Vibius,
1266 775 1679 855 certabantque
1726 780 1815 840 cui
1854 783 1941 840 ius
1973 802 2142 861 pero-

153 857 311 918 randi
350 858 412 916 in
456 875 618 917 reum
645 857 905 935 daretur,
945 857 1135 918 donec
1158 857 1395 935 Vibius,
1446 860 1577 937 quia
1608 878 1719 921 nee
1748 864 1861 941 ipsi
1903 867 2049 926 inter
2076 887 2142 929 se

155 942 544 1003 concederent
583 951 642 1001 et
687 940 830 1001 Libo
871 944 996 1001 sine
1044 951 1290 1021 patrono
1330 945 1661 1021 introisset,
1706 947 2033 1022 singillatim
2076 968 2139 1011 se

155 1028 388 1086 crimina
445 1025 800 1085 obiecturum
855 1026 1187 1105 professus,
1243 1027 1481 1105 protulit
1536 1028 1771 1089 libellos
1822 1030 2139 1094 vaecordes
2167 1056 2191 1093 5

151 1110 328 1188 adeo,
387 1119 450 1196 nt
501 1110 914 1171 consultaverit
946 1109 1122 1187 Libo,
1175 1129 1249 1170 an
1288 1110 1583 1171 habiturus
1634 1114 1793 1173 foret
1832 1132 1980 1194 opes
2018 1120 2143 1195 quis
2226 1120 2233 1123 ’

150 1197 298 1256 viam
337 1194 590 1273 Appiam
640 1194 998 1254 Brundisium
1037 1213 1220 1272 usque
1267 1196 1509 1273 pecunia
1552 1199 1827 1274 operiret.
1892 1196 2144 1261 *inerant

151 1290 208 1341 et
235 1280 347 1345 alia
378 1279 614 1339 huiusce
645 1278 796 1338 modi
825 1270 1034 1338 stolid'a
1064 1296 1204 1339 vana
1222 1323 1240 1353 ,
1274 1280 1322 1339 si
1352 1279 1579 1339 mollius
1610 1282 1944 1360 acciperes,
1976 1287 2163 1355 mise-,

148 1364 344 1425 randa.
424 1364 521 1423 uni
557 1372 746 1423 tamen
777 1360 979 1443 libello
1011 1380 1178 1422 manu
1212 1362 1449 1423 Libonis
1470 1364 1799 1435 nominibus
1833 1364 2140 1429 Caesarum
2233 1384 2241 1391 ’

151 1457 245 1508 aut
281 1456 617 1508 senatorum
661 1446 879 1507 additas
921 1455 1152 1507 atroces
1188 1447 1285 1507 vel
1325 1446 1587 1508 occultas
1634 1458 1803 1509 notas
1834 1460 2141 1512 accusator
2160 1471 2210 1511 10

151 1532 450 1609 arguebat.
509 1540 758 1609 negante
787 1548 890 1590 reo
921 1530 1345 1607 adgnoscentes
1372 1550 1581 1592 servos
1604 1551 1719 1610 per
1746 1542 2027 1595 tormenta
2056 1537 2139 1594 in-

148 1617 437 1693 terrogari
485 1615 715 1693 placuit.
787 1622 845 1675 et
882 1615 1010 1694 quia
1055 1622 1257 1675 vetere
1298 1624 1530 1675 senatus
1570 1617 1833 1678 consulto
1879 1620 2137 1696 quaestio

148 1701 204 1759 in
233 1709 410 1780 caput
435 1699 647 1759 domini
664 1697 1120 1778 prohibebatur,
1167 1699 1409 1759 callidus
1438 1710 1497 1759 et
1526 1702 1660 1761 novi
1690 1703 1829 1761 iuris
1871 1712 2139 1780 repertor

149 1784 414 1845 Tiberius
453 1784 768 1864 mancipari
805 1782 1068 1860 singulos
1105 1784 1288 1843 actori
1315 1782 1553 1862 publico
1584 1783 1772 1862 iubet,
1816 1786 2041 1846 scilicet
2078 1795 2139 1845 ut

147 1871 202 1927 in
241 1869 518 1937 Libonem
572 1887 647 1928 ex
706 1868 893 1927 servis
941 1867 1106 1927 salvo
1153 1876 1387 1929 senatus
1430 1865 1694 1926 consulto
1736 1878 2126 1945 quaereretur.
2158 1887 2206 1927 15

149 1952 224 2012 ob
277 1971 427 2033 quae
478 1962 777 2032 posterum
827 1950 980 2012 diem
1032 1969 1167 2011 reus
1218 1951 1421 2028 petivit
1462 1949 1803 2028 domumque
1844 1951 2137 2028 digressus

149 2047 436 2120 extremas
489 2055 702 2119 preces
753 2037 817 2096 P.
859 2037 1120 2111 Quirinio
1175 2035 1507 2113 propinquo
1552 2051 1657 2093 suo
1704 2034 1774 2093 ad
1818 2035 2139 2113 principem

145 2120 455 2180 mandavit.
1141 2147 1152 2156 s

275 2202 378 2262 31.
420 2203 783 2282 Responsum
823 2211 917 2262 est
949 2211 1010 2262 ut
1049 2209 1308 2262 senatum
1350 2209 1609 2279 rogaret.
1687 2201 2025 2279 cingebatur
2056 2204 2138 2262 in-

149 2287 319 2346 terim
349 2285 529 2346 milite
561 2287 786 2363 domus,
819 2285 1156 2364 strepebant
1181 2293 1249 2344 et
1278 2286 1465 2347 iamin
1488 2285 1808 2363 vestibulo,
1850 2296 1909 2346 ut
1940 2287 2138 2362 audiri,

146 2380 208 2431 ut
249 2371 436 2448 aspici
487 2379 759 2448 possent,
807 2387 934 2430 cum
961 2368 1102 2428 Libo
1145 2371 1293 2448 ipsis
1326 2372 1552 2449 quasin
1581 2371 1947 2430 novissimam
1976 2371 2138 2448 volu-

149 2463 368 2535 ptatem
426 2452 758 2515 adhibuerat
807 2453 994 2532 epulis
1040 2456 1405 2515 excruciatus
1442 2459 1658 2513 vocare
1713 2471 2137 2531 percussorem,

151 2556 432 2619 prensare
478 2555 776 2597 servorum
813 2537 1078 2615 dextras,
1132 2540 1391 2600 inserere
1431 2537 1702 2616 gladium.
1784 2545 1961 2615 atque
2000 2537 2137 2614 illis,
2163 2548 2187 2584 ⁵
2231 2561 2237 2584 ι

151 2624 282 2683 dum
339 2621 659 2701 trepidant,
715 2621 846 2682 dum
894 2623 1214 2700 refugiunt,
1272 2622 1665 2683 evertentibus
1702 2619 2025 2698 adpositum
2074 2622 2141 2680 in

149 2724 348 2767 mensa
387 2708 604 2782 lumen,
663 2705 940 2778 feralibus
979 2709 1092 2768 iam
1127 2707 1239 2766 sibi
1283 2705 1539 2766 tenebris
1580 2706 1725 2765 duos
1760 2707 1908 2764 ictus
1948 2706 2005 2763 in
2057 2707 2137 2763 vi·

151 2809 320 2852 scera
361 2790 605 2852 derexit.
677 2789 747 2850 ad
788 2791 1058 2867 gemitum
1093 2791 1451 2851 conlabentis
1476 2790 1785 2850 adcurrere
1814 2787 2039 2865 liberti,
2082 2793 2141 2846 et

95 2918 115 2938 .
155 2875 336 2936 caede
363 2877 488 2935 visa·
517 2875 683 2935 miles
713 2873 952 2934 abstitit.
1022 2877 1313 2934 accusatio
1342 2883 1528 2934 tamen
1555 2873 1705 2952 apud
1740 2881 1935 2952 patres
1974 2871 2136 2931 adse-

153 2955 448 3019 veratione
477 2959 681 3020 eadem
710 2966 980 3037 peracta,
1013 2958 1331 3036 iuravitque
1352 2957 1617 3018 Tiberius
1637 2959 1945 3037 petiturum
1968 2973 2033 3014 se
2054 2956 2136 3014 vi-
2160 2973 2209 3014 10

151 3051 262 3103 ta'm
289 3046 549 3121 quamvis
573 3044 844 3119 nocenti,
885 3042 996 3100 nisi
1015 3041 1393 3101 voluntariam
1414 3052 1657 3102 mortem
1681 3041 2136 3120 properavisset.

269 3128 370 3188 32.
402 3127 564 3188 Bona
593 3129 742 3188 inter
769 3133 1142 3186 accusatores
1171 3124 1523 3205 dividuntur,
1554 3134 1615 3185 et
1642 3133 1947 3204 praeturae
1981 3131 2143 3182 extra

154 3212 410 3271 ordinem
466 3211 632 3272 datae
693 3213 762 3271 iis
805 3210 901 3288 qui
945 3209 1222 3270 senatorii
1262 3208 1476 3268 ordinis
1527 3218 1708 3269 erant.
1792 3216 1927 3268 tunc
1974 3205 2141 3267 Cotta

151 3294 523 3373 Messalinus,
575 3315 651 3355 ne
695 3297 886 3372 imago
931 3291 1164 3353 Libonis
1205 3287 1539 3372 exsequias
1559 3300 1926 3371 posterorum
1970 3291 2140 3350 comi-

153 3387 397 3457 taretur,
449 3382 703 3457 censuit,
755 3377 861 3438 Cn.
901 3376 1202 3455 Lentulus,
1260 3395 1335 3436 ne
1376 3378 1503 3457 quis
1544 3375 1879 3436 Scribonius
1918 3391 2135 3452 cogno-

153 3471 398 3525 mentum
447 3463 620 3524 Drusi
675 3463 1018 3524 adsumeret.
1099 3461 1581 3542 supplicationum
1644 3459 1769 3522 dies
1842 3459 2143 3540 Pomponii
2163 3475 2187 3512 ⁵
2284 3506 2289 3512 .
