2475 4000
691 219 898 267 LIBER
939 221 1012 267 11.
1058 220 1208 268 CAP.
1250 219 1513 273 52—56.
2016 212 2097 283 65

107 383 224 433 set:
260 373 366 434 hos
397 373 546 433 enim
578 390 712 432 esse
745 373 1084 433 Mithridatis
1119 373 1399 434 adversus
1430 374 1671 451 Sullam,
1721 376 1953 435 Antonii
2000 377 2095 437 ad-

107 472 304 517 versus
327 456 514 520 divum
537 456 860 533 Augustum
883 460 1100 517 socios.
1149 460 1319 518 etiam
1340 468 1540 517 vetera
1562 458 1919 535 obiectabat,
1947 478 2093 539 quae

105 545 158 624 in
185 541 533 601 Macedones
565 542 950 619 inprospere,
995 542 1284 601 violenter
1311 544 1367 601 in
1398 560 1533 601 suos
1564 542 1841 602 fecissent
1854 588 1877 618 „
1914 545 2093 604 offen-

106 645 197 684 sus
225 625 350 683 urbi
384 627 619 703 propria
657 644 886 703 quoque
917 627 1032 701 ira,
1067 628 1198 703 quia
1224 626 1605 705 Theophilum
1630 626 1909 704 quendam
1930 628 2089 689 Areo

106 710 308 769 iudicio
337 710 469 768 falsi
505 709 821 769 damnatum
850 709 1126 787 precibus
1159 710 1277 769 suis
1306 727 1421 769 non
1452 709 1856 770 concederent.
1934 714 2083 771 exim
2112 733 2161 773 ιο

103 794 460 869 navigatione
505 792 684 852 celeri
729 812 836 872 per
880 791 1169 867 Cycladas
1211 803 1271 852 et
1322 792 1662 871 compendia
1704 795 1879 852 maris
1930 794 2089 853 adse-

106 880 284 955 quitur
335 877 733 938 Germanicum
789 877 938 955 apud
991 878 1231 937 insulam
1286 876 1581 953 Rhodum,
1636 876 1787 945 baud
1842 878 2089 936 nescium

30 984 35 991 ·
105 961 296 1038 quibus
339 961 818 1021 insectationibus
863 962 1074 1039 petitus
1114 962 1300 1021 foret:
1347 960 1451 1021 sed
1480 969 1634 1021 tanta
1663 960 2093 1023 mansuetudine

104 1045 335 1122 agebat,
367 1054 460 1121 ut,
493 1052 618 1103 cum
647 1055 775 1105 orta
805 1054 1120 1123 tempestas
1155 1054 1391 1123 raperet
1418 1044 1744 1122 inabrupta
1776 1054 2093 1121 possetque

101 1130 346 1189 interitus
397 1130 611 1189 inimici
655 1129 727 1189 ad
771 1147 965 1189 casum
1013 1130 1261 1205 referri,
1308 1129 1525 1197 miserit
1563 1128 1812 1189 triremis
1858 1146 2093 1206 quarum
2113 1143 2161 1183 ιε

101 1213 342 1273 subsidio
377 1213 690 1273 discrimini
725 1216 1090 1275 eximeretur.
1159 1230 1350 1290 neque
1384 1221 1572 1273 tamen
1612 1212 1900 1287 mitigatus
1930 1212 2088 1287 Piso,

101 1306 154 1355 et
185 1300 280 1357 vix
325 1298 443 1357 diei
485 1314 704 1356 moram
747 1298 1070 1376 perpessus
1101 1296 1305 1374 linquit
1341 1295 1735 1357 Germanicum
1767 1298 2090 1379 praevenit·

101 1399 224 1457 que.
278 1392 338 1441 et
369 1390 678 1459 postquam
709 1382 929 1441 Suriam
963 1399 1032 1439 ac
1061 1380 1331 1457 legiones
1361 1381 1578 1457 attigit,
1606 1379 1941 1455 largitione,
1976 1396 2089 1439 am-

99 1464 242 1541 bitu,
279 1466 510 1525 infimos
549 1450 984 1543 manipularii&
1025 1464 1303 1541 iuvando,
1361 1482 1488 1543 cum
1532 1472 1765 1524 veteres
1807 1466 2088 1523 centurio-

97 1566 224 1626 neS,
279 1566 529 1611 severos
579 1548 838 1607 tribunos
883 1548 1216 1607 demoveret
1260 1548 1508 1626 locaque
1548 1565 1746 1607 eorum
1788 1546 2091 1621 clientibus
2110 1556 2161 1598 2⁰

97 1632 208 1691 suis
237 1633 332 1694 vel
365 1627 920 1710 deterrimo‘cuique
955 1631 1323 1704 attribueret,
1360 1632 1629 1691 desidiam
1664 1633 1720 1689 in
1752 1633 1984 1705 castris,
2027 1630 2091 1689 li·

100 1718 334 1777 centiam
363 1719 424 1776 in
453 1716 724 1794 urbibus,
757 1734 966 1793 vagum
995 1734 1066 1775 ac
1093 1715 1492 1795 lascivientem
1518 1732 1625 1793 per
1656 1732 1831 1791 agros
1859 1715 2095 1774 militem

97 1801 335 1878 sineret,
391 1818 466 1861 eo
507 1818 689 1879 usque
737 1801 1126 1878 corruptionis
1175 1808 1493 1878 provectus
1534 1808 1655 1873 est,
1720 1806 1777 1857 ut
1826 1816 2093 1858 sermone

95 1883 248 1960 vulgi
281 1902 492 1962 parens
523 1885 817 1961 legionum
849 1883 1178 1946 haberetur.
1254 1902 1365 1943 nec
1394 1882 1669 1941 Plancina
1710 1899 1775 1939 se
1817 1883 1963 1942 intra
1994 1883 2091 1942 de-

105 1984 237 2027 cora
266 1968 489 2028 feminis
519 1968 782 2046 tenebat,
828 1968 932 2028 sed
963 1968 1243 2028 exercitio
1289 1968 1571 2043 equitum,
1620 1962 1955 2024 decursibus
1996 1981 2163 2024 co-25

91 2049 335 2110 hortium
375 2055 694 2133 interesse,
737 2055 796 2112 in
825 2053 1236 2130 Agrippinam,
1282 2051 1339 2110 in
1376 2048 1773 2109 Germanicum
1802 2053 2096 2108 contume-

92 2133 196 2192 lias
237 2137 465 2210 iacere,
505 2123 842 2213 quibusdam
885 2138 1054 2196 etiam
1099 2135 1382 2193 bonorum
1424 2131 1658 2190 militum
1701 2131 1773 2192 ad
1813 2131 1961 2192 mala
1994 2132 2093 2191 ob·
2188 2182 2195 2193 .

90 2217 294 2293 sequia
341 2222 648 2296 promptis,
706 2219 859 2297 quod
901 2219 1051 2278 baud
1091 2219 1273 2277 invito
1314 2219 1663 2296 imperatore
1712 2236 1780 2277 ea
1826 2217 1951 2276 fieri
1994 2235 2093 2277 oc·

93 2299 281 2358 cultus
307 2313 500 2360 rumor
526 2301 849 2362 incedebat.
907 2311 1046 2362 nota
1076 2303 1223 2361 haec
1252 2300 1593 2362 Germanico
1612 2345 1629 2378 ,
1667 2301 1771 2360 sed
1802 2302 2092 2380 praeverti

89 2383 160 2442 ad
183 2383 494 2443 Armenios
519 2385 817 2445 instantior
847 2404 986 2449 cura
1016 2386 1142 2445 fuit.
2112 2403 2163 2444 30

218 2467 320 2528 56.
371 2467 660 2544 Ambigua
715 2488 862 2546 gens
920 2487 989 2530 ea
1047 2471 1355 2548 antiquitus
1408 2467 1695 2530 hominum
1746 2469 2003 2545 ingeniis,
2036 2479 2095 2528 et

95 2552 200 2610 situ
241 2559 552 2630 terrarum,
595 2555 857 2630 quoniam
881 2556 1114 2617 ‚nostris
1162 2555 1479 2633 provinciis
1508 2555 1621 2615 late
1658 2561 1957 2631 praetenta
1994 2569 2095 2634 pe-

96 2636 238 2694 nitus
268 2635 342 2695 ad
369 2635 964 2715 Medos'fporrigitun
1011 2635 1389 2717 maximisque
1430 2637 1687 2716 imperiis
1718 2637 2003 2696 interiecti
2039 2645 2097 2695 et

100 2719 325 2796 saepius
369 2719 675 2780 discordes.
727 2729 890 2795 sunt,
937 2723 1216 2784 adversus
1258 2715 1552 2782 Romanos
1590 2722 1725 2782 odio
1770 2729 1829 2781 et
1874 2722 1930 2779 in
1961 2719 2093 2780 Par-

100 2800 245 2861 thum
287 2804 518 2865 invidia.
593 2822 799 2882 regem
842 2805 944 2865 illa
986 2815 1329 2884 tempestate
1370 2823 1485 2865 non
1526 2804 1815 2866 habebant
1839 2850 1857 2880 ,
1900 2813 2141 2874 amotos

100 2884 370 2962 Vonone:
412 2889 518 2948 sed
550 2889 723 2950 favor
751 2882 998 2948 nationi}
1029 2890 1341 2950 inclinabat
1367 2890 1426 2948 in
1458 2887 1785 2965 Zenonem,
1828 2888 2094 2952 Polemo·

101 2969 182 3028 nis
219 2973 378 3049 regis
423 2972 647 3034 Pontici
693 2973 898 3048 filium,
951 2973 1202 3050 quod-is
1246 2975 1427 3052 prima
1468 2974 1539 3034 ab
1574 2974 1808 3035 infantia
1840 2974 2095 3032 instituta

101 3059 154 3110 et
187 3055 394 3122 cultum
422 3057 826 3118 Armeniorum
855 3057 1197 3133 aemulatus,
1248 3065 1458 3117 venatu
1486 3058 1676 3136 epulis
1714 3066 1773 3116 et
1804 3075 1949 3136 quae
1982 3057 2095 3116 alia

101 3133 318 3200 barbari
341 3141 675 3218 celebrant,
709 3159 992 3221 proceres
1017 3140 1365 3220 plebemque
1387 3142 1543 3202 iuxta
1568 3141 1925 3201 devinxerat.
1985 3141 2093 3216 igi-

101 3227 184 3278 tur
223 3223 594 3286 Germanicus
632 3225 874 3286 in·urbe
915 3225 1227 3302 Artaxata,
1282 3223 1735 3301 adprobantibus
1783 3223 2091 3301 nobilibus,
2118 3247 2163 3286 io

101 3306 432 3368 circumfusa
472 3309 859 3386 multitudine,
905 3311 1134 3386 insigne
1178 3309 1403 3386 regium
1426 3310 1614 3386 'capiti
1649 3310 1773 3367 eius
1804 3311 2097 3387 imposuit.

103 3393 274 3449 ceteri
313 3404 660 3454 venerantes
697 3413 898 3471 regem
947 3393 1245 3454 Artaxiam
1292 3393 1767 3469 consalutavere,
1814 3393 1969 3471 quod
2012 3393 2095 3453 illi

100 3474 432 3536 vocabulum
455 3477 776 3538 indiderant
805 3497 882 3540 ex
901 3480 1132 3538 nomine
1161 3477 1338 3537 urbis.
1399 3485 1455 3538 at
1479 3475 1867 3555 Cappadoces
1895 3479 1952 3538 in
1974 3477 2095 3540 for-

175 3577 344 3618 mem
390 3581 529 3621 PARS
573 3583 608 3618 1.
1752 3562 1789 3621 5
