2475 4000
749 194 884 240 Lm.
911 194 1012 240 ιιι.
1047 194 1197 244 cAr.
1223 194 1462 249 43—48.
2012 182 2017 185 ’
2058 188 2137 250 99

157 347 420 407 cumfudit
450 365 632 425 eques
663 346 1024 428 frontemque
1056 326 1306 428 pedites*
1328 350 1622 418 invasere;
1666 368 1777 413 nec
1820 362 2141 414 cunctatum

154 432 298 509 apud
339 431 540 491 latera.
602 431 831 509 paulum
874 450 1072 493 morae
1109 434 1352 493 attulere
1384 434 1581 493 ferrati
1623 438 1969 497 restantibus
2001 438 2138 497 lam-

39 500 41 503 ⁴
151 517 310 575 minis
341 516 642 575 adversum
672 516 789 593 pila
821 526 881 576 et
911 518 1168 593 gladios;
1210 526 1303 577 set
1326 518 1493 577 miles
1525 522 1807 597 correptis
1834 522 2141 581 securibus
2186 532 2197 545 ¹

153 609 210 659 et
239 598 520 676 dolabris,
569 607 631 657 ut
674 600 722 657 si
766 613 984 660 murum
1015 610 1453 679 perrumperet,
1498 602 1745 662 caedere
1788 607 2035 682 tegmina
2080 616 2137 665 et

95 686 102 690 ’
153 692 424 763 corpora:
473 682 699 760 quidam
730 683 988 743 trudibus
1021 694 1116 744 aut
1145 685 1325 744 furcis
1358 686 1599 744 inertem
1636 687 1845 746 molem
1878 700 2133 766 proster·
2156 702 2207 745 15

149 786 308 843 nere,
340 766 716 844 iacentesque
745 768 905 827 nullo
937 769 1007 827 ad
1037 770 1459 846 resurgendum
1493 770 1619 828 nisu
1652 772 1818 848 quasi
1846 775 2135 832 exanimes

147 850 574 929 linquebantun
609 850 898 911 Sacrovir
931 853 1114 930 primo
1147 848 1657 930 Augustodunum,
1692 854 1825 913 dein
1855 866 2007 915 metu
2037 855 2135 915 de-

147 936 371 995 ditionis
413 936 470 993 in
500 934 694 993 villam
723 938 1101 1014 propinquam
1133 955 1260 996 cum
1292 938 1578 996 fidissimis
1620 940 1829 1016 pergit.
1886 938 2007 998 illic
2036 957 2139 1000 sua

143 1034 322 1095 manu,
356 1018 562 1095 reliqui
592 1020 796 1079 mutuis
827 1019 1034 1079 ictibus
1059 1022 1365 1081 occidere:
1398 1022 1634 1082 incensa
1658 1040 1836 1100 super
1855 1023 1994 1082 villa
2019 1038 2135 1081 om-

143 1120 241 1163 nes
275 1103 1008 1162 cremavit·
1869 1128 1879 1138 ·
2153 1116 2208 1157 ιο

255 1189 363 1247 47.
403 1186 542 1247 Τιιιιι
573 1184 796 1245 demum
824 1186 1090 1247 Tiberius
1131 1196 1316 1248 ortum
1347 1196 1744 1267 patratumque
1790 1160 2007 1250 bellum
2044 1208 2135 1249 se-

141 1279 272 1330 natu
298 1271 564 1348 scripsit;
609 1282 801 1349 neque
849 1270 1096 1348 dempsit
1139 1280 1234 1331 aut
1276 1272 1490 1332 addidit
1528 1290 1707 1349 vero,
1756 1272 1863 1333 sed
1908 1272 2020 1333 fide
2068 1292 2137 1334 ac

139 1356 346 1415 virtute
392 1354 652 1430 legatos,
698 1372 764 1413 se
803 1354 1064 1414 consiliis
1106 1356 1486 1433 superfuisse.
1544 1318 1712 1416 simul
1748 1374 1985 1435 causas,
2036 1376 2137 1418 cur

103 1466 109 1481 ·
139 1456 248 1499 non
275 1441 443 1517 ipse,
475 1452 589 1497 non
619 1436 842 1500 Drusus
877 1438 1131 1516 profecti
1163 1438 1234 1499 ad
1266 1440 1322 1499 id
1352 1438 1569 1499 bellum
1598 1441 1821 1517 forent,
1860 1441 2133 1517 adiunxit,

138 1522 586 1600 magnitudinem·
609 1523 834 1600 imperii
863 1523 1177 1601 extollens,
1225 1540 1417 1602 neque
1448 1524 1722 1584 decorum
1754 1524 2131 1604 principibuS,
2156 1538 2181 1577 5

137 1608 183 1666 si
224 1624 338 1666 una
379 1607 638 1666 alterave
673 1608 877 1667 civitas
913 1607 1138 1684 turbet,
1181 1609 1394 1669 omissa
1423 1608 1599 1685 urbe,
1649 1608 1801 1668 unde
1843 1611 1901 1668 in
1950 1610 2133 1668 omnia

135 1692 426 1767 regimen,
461 1692 493 1731 *
515 1688 724 1751 *,nunc
761 1693 890 1769 quia
931 1709 1045 1751 non
1085 1701 1239 1751 metu
1283 1691 1554 1769 ducatur,
1592 1694 1829 1768 iturum,
1878 1701 2133 1771 utprae·

135 1778 315 1835 sentia
361 1784 658 1853 spectaret
698 1785 1210 1855 componeretque.
1271 1776 1593 1835 decrevere
1626 1785 1825 1854 patres
1860 1786 1995 1837 vota
2027 1794 2133 1855 pro

134 1859 316 1918 reditu
351 1862 472 1918 eius
505 1860 1079 1939 supplicationesque
1113 1870 1171 1919 et
1206 1860 1317 1919 alia
1343 1860 1579 1919 decora.
1638 1859 1799 1918 solus
1823 1859 2134 1920 Dolabella

136 1939 474 2021 Cornelius,
513 1944 644 2004 dum
673 1946 895 2005 anteire
929 1954 1162 2005 ceteros
1194 1952 1392 2021 parat,
1431 1942 1735 2002 absurdam
1769 1943 1827 2000 in
1856 1944 2201 2004 adulatio-10

130 2046 262 2087 nem
285 2046 660 2106 progressuS,
693 2031 917 2089 censuit
938 2037 1000 2088 ut
1025 2047 1205 2088 ovans
1232 2045 1265 2085 e
1292 2024 1601 2104 Campania
1625 2025 1826 2084 urbem
1848 2026 2129 2086 introiret.

43 2147 50 2156 -
130 2112 307 2187 igitur
349 2120 586 2172 secutae
620 2111 890 2173 Caesaris
936 2113 1175 2187 literae,
1219 2109 1427 2188 quibus
1472 2112 1697 2170 senon
1740 2119 1851 2170 tam
1893 2128 2133 2169 vacuum
2212 2144 2220 2149 -

127 2195 322 2270 gloria
353 2195 760 2271 praedicabat,
804 2204 866 2253 ut
900 2205 1034 2274 post
1069 2195 1465 2256 ferocissimas
1508 2203 1715 2272 gentes
1754 2193 2130 2272 perdomitas,

128 2285 216 2335 tot
246 2285 526 2374 receptos
558 2281 616 2338 in
644 2281 874 2338 iuventa
904 2289 1000 2340 aut
1027 2287 1263 2358 spretos
1290 2279 1630 2358 triumphos,
1664 2280 1775 2338 iam
1804 2280 2001 2340 senior
2029 2297 2128 2359 pe-

125 2361 537 2437 regrinationis
568 2361 936 2422 suburbanae
965 2365 1134 2424 inane
1164 2363 1477 2444 praemium
1506 2371 1757 2443 peteret.
2152 2374 2201 2414 15

243 2444 350 2504 48.
401 2445 520 2504 Sub
552 2446 702 2506 idem
731 2455 990 2526 tempus,
1035 2457 1095 2507 ut
1132 2465 1288 2507 mors
1332 2441 1573 2526 Sulpicii
1618 2446 1839 2520 Quirini
1882 2445 2130 2524 publicis

128 2530 430 2608 exsequiis
469 2530 967 2609 frequentaretur,
1008 2533 1212 2611 petivit
1251 2551 1282 2592 a
1322 2540 1543 2591 senatu.
1603 2530 1742 2589 nihil
1773 2530 1845 2590 ad
1872 2539 2130 2589 veterem

131 2625 188 2673 et
222 2615 518 2692 patriciam
553 2615 936 2693 Sulpiciorum
977 2617 1249 2678 familiam
1290 2615 1581 2689 Quirinius
1623 2615 1929 2693 pertinuit,
1972 2605 2131 2673 ortus

130 2699 281 2777 apud
316 2699 680 2778 municipium
709 2697 1048 2762 Lanuvium:
1093 2700 1200 2761 sed
1246 2701 1495 2778 impiger
1540 2697 1774 2758 militiae
1817 2707 1875 2758 et
1904 2696 2129 2758 acribus

128 2784 457 2843 ministeriis
490 2783 846 2845 consulatum
879 2785 983 2844 sub
1017 2785 1150 2846 divo
1174 2785 1463 2861 Augusto,
1496 2800 1633 2843 mox
1656 2783 2001 2861 expugnatis
2028 2800 2133 2861 per
2156 2791 2181 2830 5

133 2865 389 2927 Ciliciam
419 2867 940 2927 Homonadensium
982 2869 1238 2929 castellis
1276 2868 1519 2946 insignia
1550 2867 1819 2945 triumphi
1864 2866 2128 2944 adeptus,

129 2951 411 3031 datusque
455 2962 654 3012 rector
688 2949 830 3011 Gaio
866 2950 1104 3012 Caesari
1147 2952 1475 3012 Armeniam
1518 2950 1799 3031 optinenti
1841 2947 2137 3009 Tiberium

131 3053 362 3115 quoque
395 3035 584 3096 Rhodi
616 3045 882 3114 agentem
920 3037 1198 3097 coluerat.
1259 3035 1411 3114 quod
1452 3043 1587 3096 tunc
1620 3033 1899 3115 patefecit
1940 3035 1997 3092 in
2038 3051 2128 3092 se-

127 3129 279 3198 natu,
315 3120 559 3181 laudatis
592 3123 650 3180 in
679 3139 744 3180 se
778 3120 988 3181 officiis
1020 3130 1079 3181 et
1108 3122 1369 3180 incusato
1393 3119 1468 3178 Μ.
1494 3118 1705 3194 Lollio,
1740 3135 1909 3195 quem
1933 3126 2128 3178 aucto-

127 3221 248 3262 rem
296 3205 437 3266 Gaio
474 3203 712 3265 Caesari
755 3207 1052 3283 pravitatis
1100 3214 1158 3265 et
1197 3203 1614 3264 discordiarum
1663 3201 1963 3278 arguebat.
2018 3200 2124 3261 sed
2150 3212 2199 3253 10

130 3291 344 3347 ceteris
389 3288 539 3350 haud
585 3279 737 3349 laeta
780 3291 1056 3350 memoria
1094 3288 1315 3363 Quirini
1346 3292 1468 3346 erat
1500 3287 1572 3347 ob
1611 3287 1861 3361 intenta,
1910 3294 1971 3344 ut
2009 3303 2127 3344 me-

126 3374 380 3449 moravi,
421 3373 673 3453 Lepidae
715 3375 978 3452 pericula
1020 3373 1427 3450 sordidamque
1471 3379 1531 3432 et
1560 3377 2001 3457 praepotentem
2036 3387 2125 3430 se-

127 3464 372 3516 nectam.

1812 3539 1895 3599 7*
