2475 4000
682 226 819 275 me.
847 228 998 277 1111.
1032 228 1182 314 cap.
1214 228 1453 283 34—38.
1833 258 1840 262 -
1933 221 2053 287 241

67 382 368 461 pitumque
400 378 669 439 Paccium
692 386 749 440 et
770 382 1110 463 ,praefectos
1137 384 1460 463 militesque
1483 384 1718 448 tendere
1747 396 1912 449 extra
1938 388 2059 450 val-

68 466 189 525 lum
222 464 413 533 iussit;
445 464 618 541 inque
647 482 717 525 ea
752 468 1093 529 contumelia
1123 468 1339 531 detenti
1366 486 1479 528 nec
1507 471 1615 529 nisi
1645 471 1914 550 precibus
1941 474 2058 533 uni-

67 548 230 609 versi
262 550 553 631 exercitus
584 548 836 610 exsoluti
865 561 1014 613 sunt.
1823 594 1829 607 .

197 632 299 693 37.
338 630 419 690 At
453 631 733 693 Tiridates
769 652 945 713 super
988 637 1256 716 proprias
1300 635 1601 698 clientelas
1634 652 1748 716 ope
1777 638 2062 717 Vologesi

68 716 269 777 fratris
317 714 571 793 adiutus,
622 732 738 777 non
791 718 981 779 furtim
1028 722 1153 781 iam.
1182 721 1289 781 sed
1329 720 1521 801 palam
1562 720 1720 781 bello
1774 722 2062 785 infensare

70 798 439 874 Armeniam,
486 816 749 879 quosque
782 801 929 863 fidos
972 804 1141 881 nobis
1182 805 1448 883 rebatur,
1499 804 1982 884 depopulari,-et
2014 808 2064 867 si

74 884 288 963 copiae
331 891 529 943 contra
573 882 941 965 ducerentur,
987 888 1225 949 eludere
1265 889 1494 967 hucque
1535 897 1593 949 et
1638 888 1776 949 illuc
1815 888 2063 950 volitans

74 968 243 1049 plura
286 966 433 1027 fama
478 985 644 1045 quam
684 986 877 1049 pugna
921 981 1240 1035 exterrere.
1297 975 1470 1049 igitur
1499 970 1756 1034 Corbulo
1801 975 2060 1051 quaesito
2083 995 2108 1033 5

73 1048 170 1113 diu
203 1050 431 1129 proelio
474 1048 685 1125 frustra
728 1053 955 1115 habitus
996 1065 1056 1116 et
1088 1056 1358 1136 exemplo
1402 1055 1650 1117 hostium
1693 1056 2064 1117 circumferre

71 1134 291 1197 bellum
323 1142 591 1211 coactus,
626 1136 890 1216 dispertit
920 1142 1109 1218 vires,
1154 1150 1215 1200 ut
1241 1141 1420 1216 legati
1449 1140 1846 1223 praefectique
1879 1140 2063 1200 diver-

26 1260 39 1275 .
75 1236 180 1281 sos
210 1218 377 1278 locos
410 1222 629 1298 pariter
656 1220 1021 1292 invaderent;
1068 1224 1234 1283 simul
1267 1241 1468 1299 regem
1497 1222 1843 1283 Antiochum
1871 1232 2067 1285 monet

72 1304 368 1384 proximas
410 1302 519 1363 sibi
564 1303 965 1382 praefecturas
1002 1315 1239 1385 peteres
1297 1324 1426 1367 nam
1453 1305 1862 1367 Pharasmanes
1892 1310 2062 1367 inter·

72 1390 235 1449 fecto
268 1386 388 1447 filio
410 1386 744 1475 Radamisto
776 1393 936 1469 quasi
967 1391 1299 1470 proditore,
1331 1408 1445 1468 quo
1473 1390 1644 1451 fidem
1669 1391 1728 1449 in
1755 1408 1862 1451 nos
1891 1399 2062 1451 testa·
2084 1410 2133 1450 10

72 1480 265 1548 retur,
302 1480 474 1531 »vetus
509 1471 789 1534 adversus
817 1473 1125 1535 Armenios
1156 1473 1346 1535 odium
1375 1474 1694 1553 promptius
1727 1475 2061 1536 exercebat.

68 1567 329 1634 tuncque
367 1557 605 1634 primum
636 1557 833 1617 inlecti
858 1556 1115 1634 Moschi,
1150 1576 1300 1635 gens
1329 1565 1460 1618 ante
1492 1542 1634 1618 alias
1666 1560 1829 1619 socia
1855 1559 2062 1619 Roma-

74 1641 195 1716 nis,
231 1638 687 1715 aviarArmeniae
715 1641 1041 1700 incursavit.
1106 1641 1182 1701 ita
1212 1642 1454 1701 consilia
1478 1640 1713 1701 Tiridati
1749 1644 1807 1701 in
1829 1652 2061 1703 contra·

72 1727 223 1785 rium
254 1724 585 1800 vertebant,
632 1722 998 1802 mittebatque
1038 1734 1305 1785 oratores
1347 1726 1441 1804 qui
1475 1743 1579 1785 suo
1611 1725 2064 1810 Iffarthorumque

72 1808 306 1869 nomine
339 1807 801 1887 expostularent,
846 1826 947 1867 cur
982 1807 1127 1868 datis
1160 1827 1347 1888 nuper
1373 1807 1670 1869 obsidibus
1702 1808 2060 1887 redintegra·
2081 1832 2131 1873 ιε

72 1902 255 1970 taque
286 1892 552 1967 amicitia,
598 1907 744 1967 quae
774 1892 943 1951 novis
971 1909 1201 1971 quoque
1236 1891 1536 1952 benefieiis
1567 1891 1759 1951 locum
1793 1895 2062 1971 aperiret,
2093 1903 2100 1913 ¹

68 1984 281 2037 vetere
328 1975 632 2034 Armeniae
686 1977 1068 2054 possessione
1129 1974 1540 2056 depelleretur.
1630 1972 1762 2034 ideo
1815 1974 2063 2036 nondum
2171 1988 2173 1995 ·

67 2065 261 2140 ipsum
306 2057 649 2134 Vologesen
703 2069 1076 2135 commotum,
1139 2061 1270 2137 quia
1328 2075 1500 2118 causa
1558 2075 1726 2136 quam
1772 2059 1830 2117 vi
1886 2076 2066 2136 agere

64 2141 343 2206 mallent:
390 2143 477 2200 sin
507 2150 864 2219 perstaretur
895 2144 951 2202 in
981 2142 1176 2217 bello,
1226 2159 1342 2202 non
1386 2140 1591 2202 defore
1619 2141 1919 2202 Arsacidis
1949 2143 2062 2203 vir-

62 2236 253 2290 tutem
282 2223 681 2303 fortunamque
715 2227 949 2306 saepius
989 2228 1101 2286 iam
1132 2225 1300 2287 clade
1325 2225 1583 2285 Romana
1613 2235 1931 2305 expertam.
1993 2223 2065 2286 ad
2078 2243 2132 2296 zo

60 2328 141 2372 ea
180 2303 471 2386 Corbulo,
504 2309 643 2368 satis
670 2316 973 2388 comperto
1003 2309 1350 2386 Vologesen
1380 2309 1711 2370 defectione
1738 2310 2064 2385 Hyrcaniae

62 2390 334 2465 attineri,
380 2389 581 2451 suadet
625 2391 858 2453 Tiridati
900 2393 1171 2472 precibus
1213 2392 1526 2464 Caesarem
1565 2393 1838 2471 adgredi:
1885 2411 2079 2472 posse·

60 2476 156 2538 illi
188 2489 433 2550 regnum
474 2474 676 2536 stabile
724 2485 782 2536 et
824 2495 922 2538 res
963 2478 1292 2539 incruentas
1339 2478 1712 2555 contingere,
1759 2477 1810 2536 si
1855 2478 2065 2537 omissa

64 2578 183 2640 spe
216 2558 529 2637 longinqua
558 2568 615 2620 et
640 2578 772 2622 sera
796 2571 1161 2640 praesentem
1188 2562 1588 2642 potioremque
1619 2567 1980 2638 sequeretur.

202 2641 303 2704 38.
341 2642 619 2704 Placitum
656 2644 893 2723 dehinc,
939 2646 1074 2724 quia
1114 2644 1562 2708 commeantibus
1607 2645 1663 2703 in
1699 2645 1887 2704 vicem
1929 2662 2064 2730 nun·

64 2731 171 2788 tiis
203 2725 343 2786 nihil
372 2727 429 2787 in
460 2746 730 2789 summam
773 2729 937 2808 pacis
971 2730 1407 2810 proficiebatur,
1451 2728 1763 2805 conloquio
1810 2729 2067 2806 ipsorum

68 2810 305 2890 tempus
340 2810 649 2891 locumque
697 2812 990 2874 destinari.
1050 2814 1207 2876 mille
1255 2815 1504 2891 equitum
1549 2810 1892 2890 praesidium
1925 2810 2066 2872 Tiri-

71 2897 247 2956 dates
288 2894 493 2956 adfore
538 2896 649 2956 sibi
690 2895 945 2958 dicebat:
990 2906 1257 2976 quantum
1286 2894 1603 2957 Corbuloni
1647 2897 1924 2973 cuiusque
1960 2912 2068 2972 ge-

70 2979 237 3038 neris
270 2979 504 3040 militum
538 2979 873 3056 adsisteret,
914 2998 1029 3041 non
1058 2989 1342 3056 statuere,
1383 2979 1514 3040 dum
1542 2980 1746 3058 positis
1779 2979 1979 3038 loricis
2009 2985 2066 3036 et
2091 2992 2116 3032 s

71 3058 267 3140 galeis
288 3064 345 3122 in
367 3063 577 3124 faciem
598 3064 760 3143 pacis
783 3066 1091 3124 veniretur.
1136 3064 1474 3142 cuicumque
1493 3061 1834 3138 mortalium,
1862 3059 2067 3122 nedum

72 3147 269 3206 veteri
297 3156 357 3206 et
387 3148 631 3228 provido
662 3148 824 3224 duci,
856 3147 1137 3208 barbarae
1170 3148 1412 3207 astutiae
1443 3146 1787 3224 patuissent:
1818 3145 1952 3205 id'eo
1977 3162 2065 3204 ar-

74 3239 197 3290 tum
232 3229 363 3290 inde
408 3250 701 3293 numerum
746 3231 891 3292 liniri
934 3241 991 3292 et
1034 3231 1167 3291 hinc
1207 3231 1484 3290 maiorem
1519 3228 1752 3304 offerri,
1793 3237 1853 3289 ut
1897 3227 2064 3288 dolus

76 3323 415 3395 pararetur;
471 3334 599 3378 nam
647 3317 824 3395 equiti
874 3316 1204 3392 sagittarum
1263 3331 1370 3373 usu
1429 3312 1690 3372 exercito
1741 3313 1790 3372 si
1839 3311 2078 3372 detecta.

78 3413 337 3476 corpora
378 3399 783 3475 obicerentur,
828 3399 966 3460 nihil
1005 3399 1359 3478 profuturam
1397 3394 1827 3458 multitudinem.
1897 3394 2066 3455 dissi·
2085 3410 2134 3452 ιο

78 3481 296 3542 nulato
329 3492 519 3544 tamen
562 3484 857 3544 intellectu
886 3485 1103 3544 rectius
1143 3482 1215 3542 de
1248 3481 1318 3549 iis
1347 3498 1493 3560 quae
1526 3482 1583 3539 in
1613 3479 1902 3558 publicum
1931 3497 2070 3566 con<

168 3586 345 3626 merri
381 3588 520 3627 »Ans
562 3587 599 3626 1.
956 3651 965 3660 ὁ
1379 3629 1392 3642 ,
1674 3563 1749 3624 16
