2475 4000
972 35 991 64 l

394 175 431 236 6
902 182 1245 280 colimur
1257 182 1487 230 TACITI
1511 183 1654 233 Amr
1658 182 1878 228 Anum

393 337 607 400 Tiberii
642 334 962 396 Caesaris
944 353 1247 412 iuravere,
1295 337 1560 415 apudque
1603 353 1708 396 eos
1753 335 1922 394 Seius
1961 334 2175 394 Strabo·
2231 341 2310 394 et
2357 331 2438 394 C.

394 421 733 494 Turranius,
776 418 876 479 ille
910 423 1334 498 praetoriarum
1382 419 1700 479 cohortium
1735 418 2102 496 praefectus,
2151 418 2269 477 hic
2325 436 2440 476 an-

396 523 610 572 nonae;
665 519 799 562 mox
836 513 1067 564 senatus
1120 506 1406 582 milesque
1461 511 1518 562 et
1567 502 1839 581 populus.
1925 498 2070 560 Nam
2121 500 2447 562 Tiberius}

398 596 599 648 cuncta
640 604 747 665 per
792 587 1063 648 consules
1105 587 1451 666 incipiebat,
1489 595 1770 664 tamquam
1810 593 2011 644 vetere
2053 603 2121 644 re
2153 583 2444 663 publica

328 696 379 736 ιο
400 682 455 731 et
498 669 793 747 ambiguus
832 671 1176 748 imperandi:
1222 690 1297 730 ne
1339 670 1585 730 edictum
1633 669 1894 747 quidem,
1939 683 2051 745 quo
2088 677 2319 748 patres
2373 669 2442 726 in

399 756 611 814 curiam
641 751 911 830 vocabat,
947 756 1053 813 nisi
1082 756 1423 814 tribuniciae
1455 755 1757 832 potestatis
1783 754 2261 830 praescriptione
2309 769 2434 829 po-

400 839 509 898 suit
544 836 651 896 sub
680 835 943 912 Augusto
970 848 1271 916 acceptae.
1326 837 1504 897 verba
1530 837 1704 897 edicti
1724 836 1890 896 fuere
1917 853 2102 913 pauca
2129 845 2194 894 et
2219 853 2436 894 sensu

401 920 801 1000 permodesto:
872 919 943 978 de
1012 921 1328 982 honoribus
1399 921 1656 1000 parentis
1710 918 2136 994 consulturum,
2202 937 2432 998 neque

398 1003 715 1065 abscedere
771 1019 804 1062 a
860 1020 1110 1084 corpore
1158 1005 1332 1084 idque
1391 1022 1556 1063 unum
1623 1021 1700 1062 ex
1756 1001 2002 1082 publicis
2054 1003 2430 1062 muneribus

331 1108 380 1149 ιε
401 1104 695 1165 usurpare.
750 1087 855 1147 sed
900 1086 1170 1160 defuncto
1212 1090 1476 1164 Augusto
1519 1089 1741 1164 signum
1781 1087 2087 1164 praetoriis
2133 1085 2428 1144 cohorti-

398 1173 503 1230 bus
532 1179 593 1228 ut
626 1171 936 1248 imperator
966 1171 1237 1240 dederat;
1273 1171 1575 1245 excubiae,
1611 1187 1786 1244 arma,
1823 1177 2018 1228 cetera
2051 1169 2264 1236 aulae:
2304 1170 2422 1227 mi·

400 1257 487 1314 les
519 1254 573 1310 in
604 1253 819 1328 forum,
851 1254 1019 1313 miles
1046 1256 1102 1312 in
1135 1256 1348 1314 curiam
1381 1253 1774 1314 comitabatur.
1855 1253 2054 1312 literas
2093 1251 2174 1312 'ad
2221 1263 2449 1312 exer-⁴

402 1338 544 1395 citus
576 1344 857 1434 tamquam
887 1336 1097 1413 adepto
1129 1338 1448 1414 principatu
1477 1337 1662 1408 misit,
1711 1352 1988 1412 nusquam
2021 1336 2412 1394 cunctabun—

401 1420 505 1477 dus
538 1417 645 1475 nisi
676 1435 802 1475 cum
832 1420 888 1479 in
919 1428 1117 1477 senatu
1152 1419 1510 1514 loqueretur.
1572 1433 1745 1476 causa
1786 1419 2098 1493 praecipua
2139 1436 2224 1474 ex
2277 1419 2414 1475 for-

332 1522 385 1563 20
403 1499 630 1574 midine,
661 1516 733 1557 ne
769 1498 1206 1576 Germanicus,'
1189 1518 1248 1558 ιιι
1278 1501 1434 1560 cuius
1465 1517 1631 1558 manu
1659 1506 1746 1556 tot
1773 1497 2075 1572 legiones,
2109 1499 2410 1556 immensa

400 1585 689 1643 sociorum
717 1581 945 1656 auxilia,
984 1585 1158 1640 mirus
1190 1581 1340 1660 apud
1374 1581 1644 1660 populum
1688 1581 1885 1655 favor,
1933 1579 2148 1640 babere
2205 1583 2408 1658 impe-

401 1670 540 1726 rium
583 1682 749 1744 quam
794 1673 1141 1742 exspectare
1183 1665 1397 1724 mallet.
1465 1663 1634 1724 dabat
1679 1673 1737 1722 et
1773 1663 1997 1738 famae,
2034 1672 2101 1721 ut
2138 1673 2410 1725 vocatus

379 1751 741 1826 ,electusque
773 1749 961 1827 potius
995 1766 1026 1808 a
1057 1767 1122 1808 re
1156 1748 1386 1826 publica
1419 1747 1715 1808 videretur
1759 1763 1926 1824 qnam
1973 1765 2079 1824 per
2119 1749 2405 1806 uxorium

402 1831 667 1892 ambitum
698 1841 755 1891 et
784 1832 953 1892 senili
982 1833 1292 1910 adoptione
1320 1832 1659 1909 inrepsisse.
1717 1839 1924 1908 postea
1969 1831 2260 1906 cognitum
2310 1838 2406 1890 est

332 1939 385 1980 25
402 1915 475 1976 ad
504 1915 981 1994 introspiciendas
1014 1917 1184 1976 etiam
1218 1933 1525 1994 procerum
1555 1913 1880 1974 voluntates
1907 1913 2190 1972 inductam
2223 1913 2400 1972 dubi-

404 2001 702 2061 tationem:
732 2019 859 2061 nam
889 2000 1067 2061 verba
1095 2000 1285 2061 vultus
1309 2002 1366 2059 in
1391 2001 1604 2060 crimen
1627 1999 1980 2076 detorquens
2001 1998 2397 2059 recondebat.

526 2084 583 2145 8.
630 2083 781 2143 Nihil
812 2085 994 2162 primo
1029 2094 1264 2144 senatus
1296 2084 1389 2143 die
1424 2084 1516 2160 agi
1551 2099 1756 2161 passus
1783 2087 1876 2141 est
1912 2082 2018 2140 nisi
2059 2081 2132 2140 de
2169 2088 2397 2159 ‘supre-

404 2168 509 2224 mis
543 2167 809 2241 Augusti,
844 2168 1002 2226 cuius
1032 2176 1428 2229 testamentum
1459 2166 1692 2227 inlatum
1733 2183 1842 2244 per
1879 2166 2134 2242 virgines
2161 2164 2398 2223 Vestae

405 2248 693 2307 Tiberium
726 2256 783 2305 et
812 2246 1024 2307 Liviam
1056 2250 1308 2312 heredes
1337 2250 1548 2311 habuit.
1611 2248 1768 2309 Livia
1798 2250 1854 2307 in
1881 2248 2146 2310 familiam
2179 2246 2398 2307 Iuliam

404 2347 722 2407 nomenque
755 2329 1071 2407 Augustum
1100 2333 1529 2402 adsumebatur;
1572 2334 1627 2393 in
1663 2351 1827 2412 spem
1862 2332 2168 2393 secundam
2199 2349 2394 2409 nepo·

353 2447 378 2485 5
403 2422 491 2473 tes
520 2423 1013 2492 pronepotesque,
1043 2418 1227 2475 tertio
1243 2417 1423 2493 gradu
1452 2418 1734 2494 primores
1767 2417 2010 2477 civitatis
2041 2416 2394 2493 scripserat,

403 2498 719 2575 plerosque
760 2499 977 2558 invisos
1013 2497 1157 2573 sibi,
1202 2499 1306 2559 sed
1354 2500 1619 2560 iactantia
1649 2501 1952 2578 gloriaque
1983 2498 2054 2559 ad
2083 2507 2392 2577 posteros.

402 2581 594 2658 legata
625 2598 738 2641 non
772 2581 917 2641 ultra
958 2580 1186 2641 civilem
1218 2583 1480 2657 modum,
1518 2585 1624 2643 nisi
1665 2583 1817 2661 quod
1861 2582 2076 2661 populo
2121 2589 2182 2641 et
2221 2581 2395 2659 plebi

404 2665 901 2741 quadringentiens
934 2666 1167 2724 triciens
1196 2658 1564 2755 quinquiens,
1603 2668 2016 2745 praetoriarum
2061 2664 2392 2725 cohortium

402 2747 671 2806 militibus
703 2748 922 2824 singula
952 2766 1231 2813 nummum
1259 2732 1448 2828 milia,
1469 2747 1536 2789 **
1565 2750 1897 2828 legionariis
1917 2759 2014 2809 aut
2047 2746 2390 2807 cohortibus

338 2859 389 2899 10
407 2832 608 2890 civium
639 2829 1019 2890 Romanorum
1049 2839 1320 2891 trecenos
1357 2850 1612 2893 nummos
1644 2836 1847 2893 viritim
1871 2833 2046 2894 dedit.
2107 2841 2222 2891 tum
2245 2849 2388 2891 con·

404 2913 665 2974 sultatum
696 2912 766 2973 de
800 2913 1139 2984 honoribus3
1176 2935 1251 2975 ex
1285 2919 1412 2995 quis
1433 2919 1546 2997 qui
1563 2918 1814 2979 maxime
1859 2917 2115 2993 insignes
2141 2916 2282 2989 visi,
2324 2924 2390 2973 ut

404 3006 568 3071 porta
598 2996 919 3075 triumphali
956 2998 1264 3063 duceretur
1293 3000 1491 3076 funus,
1539 3000 1734 3061 Gallus
1780 3000 2043 3074 Asinius,
2085 3007 2146 3058 ut
2186 2999 2386 3075 legum

405 3080 639 3139 latarum
668 3080 833 3157 tituli,
862 3082 1135 3141 victarum
1156 3082 1227 3143 ab
1253 3101 1327 3144 eo
1356 3086 1604 3162 gentium
1631 3082 1914 3144 vocabula
1939 3082 2382 3165 anteferrentur,

262 3236 267 3239 ἢ
402 3162 461 3221 L.
509 3162 808 3223 Arruntius
848 3182 1149 3229 censuere.
1217 3167 1463 3228 addebat
1489 3166 1760 3228 Messalla
1789 3166 2058 3227 Valerius
2095 3182 2380 3225 renovan-

336 3266 387 3307 15
402 3244 530 3304 dum
558 3264 667 3325 per
695 3264 873 3307 annos
904 3259 1319 3310 sacramentum
1346 3252 1402 3310 in
1438 3268 1644 3311 nomen
1672 3249 1918 3319 Tiberii;
1965 3252 2378 3327 interrogatus·

403 3345 514 3403 que
546 3347 578 3389 a
614 3328 845 3390 Tiberio
874 3350 1003 3392 num
1034 3352 1099 3393 se
1130 3334 1429 3395 mandante
1461 3352 1584 3394 eam
1613 3336 1948 3395 sententiam
1973 3335 2378 3411 prompsisset,

401 3422 605 3497 sponte
643 3413 856 3475 dixisse
891 3417 1221 3495 respondit,
1254 3434 1442 3495 neque
1472 3418 1528 3476 in
1557 3418 1627 3476 iis
1659 3434 1804 3495 quae
1834 3416 1906 3477 ad
1936 3434 2058 3476 rem
2087 3416 2378 3494 publicam

418 3606 555 3679 a!
516 3623 615 3744 ΞᾸΙ-
641 3624 749 3679 ‘ft
787 3620 899 3679 sse·
1008 3602 1063 3671 π’(
1096 3642 1346 3681 «nuans
1406 3620 1548 3665 aene*
1605 3608 1628 3650 “-
1679 3597 1774 3659 s'f.
1871 3628 1928 3683 ζ’
1999 3623 2080 3652 ,Νι
2136 3567 2354 3677 ’ίῗι-Λ’
2404 3628 2423 3650 2

1198 3697 1344 3738 ιη’)
1828 3681 1836 3691 “
2271 3683 2291 3709 t
