2475 4000
731 243 937 298 mann
958 247 1002 292 1.
1031 245 1176 293 CAP.
1203 245 1370 298 1—3.
2030 231 2067 294 3

91 397 340 472 Augusti
369 394 628 454 dicendis
657 411 772 454 non
797 395 1038 456 defuere
1061 397 1277 457 decora
1297 399 1542 475 ingenia,
1574 400 1758 461 donec
1782 403 2065 482 gliscente
2084 417 2135 459 ιο

93 479 419 539 adulatione
447 478 896 540 deterrerentur.
957 479 1171 540 Tiberii
1201 480 1418 558 Gaique
1449 491 1509 542 et
1540 480 1759 544 Claudii
1787 503 1856 545 ac
1877 485 2061 546 Nero·

93 565 184 621 nis
212 579 306 620 res
335 561 672 622 florentibus
701 563 844 641 ipsis
875 563 952 623 ob
983 573 1190 624 metum
1234 564 1452 643 falsae,
1498 574 1796 643 postquam
1836 570 2061 630 occide·

96 654 242 720 rant,
277 646 602 705 recentibus
633 646 778 706 odiis
810 649 1168 728 compositae
1210 657 1358 708 sunt.
1424 648 1557 708 inde
1600 649 1891 710 consilium
1928 652 2061 712 mibi

97 747 274 806 pauca
301 729 374 788 de
409 729 672 808 Augusto
703 739 761 790 et
785 729 1051 813 ,extrema
1083 732 1347 811 tradere,
1376 749 1515 809 mox
1542 730 1757 791 Tiberii
1786 734 2058 812 principa-

97 821 204 870 tum
233 821 289 872 et
307 821 526 888 cetera,
558 813 681 872 sine
703 815 786 873 ira
811 823 870 874 et
894 815 1104 890 studio,
1131 833 1371 893 quorum
1396 833 1601 876 causas
1628 812 1835 894 procul
1858 813 2057 873 habeo.
2082 834 2128 872 ιε

207 895 264 954 2.
306 895 612 975 Postquam
638 897 812 956 Bruto
851 907 910 958 et
944 897 1150 958 Cassio
1181 900 1369 960 caesis
1397 899 1551 958 nulla
1586 900 1695 956 iam
1721 895 1956 975 publica
1978 915 2061 957 ar-

88 995 195 1053 ma,
231 979 538 1057 Pompeius
569 980 720 1059 apud
755 982 1006 1042 Siciliam
1040 999 1355 1060 oppressus
1387 991 1677 1056 exutoque
1712 965 1954 1056 Lepido,
1986 981 2064 1038 in·

87 1063 334 1122 terfecto
364 1062 617 1122 Antonio·
644 1081 716 1122 ne
745 1063 972 1124 Iulianis
1003 1065 1232 1143 quidem
1263 1063 1519 1144 partibus
1553 1063 1661 1121 nisi
1695 1061 1915 1122 Caesar
1952 1062 2065 1122 dux

84 1147 375 1225 reliquus,
421 1148 614 1226 posito
657 1147 930 1208 triumviri
971 1149 1198 1208 nomine
1241 1145 1534 1204 consulem
1570 1163 1634 1206 se
1670 1146 1869 1206 ferens
1898 1155 1957 1205 et
1992 1146 2063 1206 ad

85 1231 354 1290 tuendam
377 1230 607 1310 plebem
636 1229 935 1291 tribunicio
965 1233 1088 1291 iure
1113 1235 1435 1288 contentum
1451 1272 1467 1303 ,
1501 1227 1594 1287 ubi
1617 1228 1850 1289 militem
1874 1229 2059 1306 donis,
2085 1251 2111 1290 ⁵

85 1314 359 1392 populuum
389 1329 646 1388 annona,
680 1323 917 1374 cunctos
959 1313 1260 1372 dulcedine
1302 1312 1400 1370 otii
1436 1311 1709 1389 pellexit,
1760 1313 2061 1395 insurgere

81 1398 386 1474 paulatim,
421 1393 608 1456 munia
639 1406 870 1456 senatus
898 1397 1321 1469 magistratuum
1368 1395 1558 1472 legum
1604 1396 1660 1456 in
1698 1413 1764 1454 se
1806 1397 2055 1473 trahere,

79 1481 240 1538 nullo
276 1479 641 1555 adversante,
677 1497 802 1540 cum
831 1476 1172 1536 ferocissimi
1203 1495 1308 1555 per
1336 1479 1494 1538 acies
1516 1488 1609 1539 aut
1632 1480 2057 1562 proscriptione

80 1563 469 1638 cecidissent,
513 1562 692 1622 ceteri
717 1559 1016 1635 nobilium,
1048 1571 1261 1638 quanto
1292 1563 1419 1642 quis
1450 1565 1684 1623 servitio
1715 1567 2053 1643 promptior,

79 1645 292 1723 opibus
343 1655 402 1707 et
440 1641 748 1706 honoribus
799 1643 1214 1704 extollerentur
1251 1663 1320 1705 ac
1358 1647 1524 1705 novis
1566 1665 1641 1706 ex
1684 1646 1861 1706 rebus
1906 1649 2053 1707 aucti
2073 1665 2121 1705 10
2222 1643 2232 1663 Χ

77 1739 194 1789 tuta
229 1737 290 1789 et
329 1729 648 1809 praesentia
679 1744 843 1804 quam
875 1736 1076 1788 vetera
1108 1739 1167 1788 et
1196 1730 1527 1807 periculosa
1554 1730 1809 1790 mallent.
1864 1749 2052 1810 neque

79 1815 411 1891 provinciae
442 1812 594 1870 illum
625 1827 813 1870 rerum
855 1819 1058 1872 statum
1105 1813 1461 1890 abnuebant,
1506 1823 1778 1892 suspecto
1820 1824 2053 1874 senatus

77 1897 390 1974 populique
421 1895 660 1972 imperio
687 1895 764 1954 ob
796 1898 1108 1955 certamina
1151 1899 1469 1974 potentium
1513 1905 1572 1954 et
1611 1897 1899 1955 avaritiam
1938 1915 2051 1956 ma-

76 1981 426 2057 gistratuum,
463 1978 711 2039 invalido
740 1977 932 2056 legum
964 1979 1212 2055 auxilio,
1244 1996 1391 2057 quae
1434 1979 1511 2053 vi,
1544 1977 1786 2053 ambitu,
1832 1987 2052 2055 postre-

76 2082 163 2123 mo
196 2064 442 2143 pecunia
471 2061 862 2123 turbabantur.
2072 2058 2121 2117 15'

195 2148 252 2205 3.
303 2143 571 2203 Ceterum
603 2144 898 2222 Augustus
921 2144 1176 2205 subsidia
1199 2144 1565 2204 dominationi
1591 2143 1884 2205 Claudium
1906 2143 2051 2204 Mar-

73 2229 288 2289 cellum
329 2228 546 2283 sororis
584 2226 758 2285 fllium
801 2227 1099 2287 admodum
1147 2228 1575 2289 adulescentem
1618 2228 1947 2307 pontificatu
1994 2240 2052 2288 et

73 2309 258 2371 curuli
291 2306 607 2382 aedilitate,
637 2308 713 2367 M.
744 2308 1060 2387 Agrippam
1087 2310 1400 2387 ignobilem
1430 2313 1584 2390 loco,
1616 2312 1825 2372 bonum
1853 2298 2062 2373 militia*

76 2403 131 2453 et
158 2390 444 2452 victoriae
475 2391 712 2467 socium,
747 2393 1048 2468 geminatis
1079 2394 1469 2455 consulatibus
1501 2397 1734 2469 extulit,
1776 2412 1909 2454 mox
1950 2396 2046 2455 de·
2403 2436 2427 2466 s

135 2484 270 2535 noto
295 2472 576 2533 Marcello
595 2491 867 2550 generum
887 2477 1156 2555 sumpsit;
1182 2475 1468 2537 Tiberium
1492 2478 1779 2555 Neronem
1802 2487 1859 2537 et
1884 2476 2049 2551 Clau·
2077 2491 2243 2545 Mam
2275 2478 2321 2537 κ’
2355 2469 2401 2521 ⁰2¹
2427 2484 2458 2515 ³2

81 2560 224 2619 dmm
253 2554 502 2619 Drusum
531 2558 826 2635 privignos
857 2561 1237 2641 imperatoriis
1270 2561 1589 2622 nominibus
1623 2562 1797 2635 auxit,
1829 2563 2051 2636 integra
2276 2569 2285 2587 ⁶

79 2638 242 2701 etiam
275 2651 392 2701 tum
421 2640 592 2700 domo
631 2658 750 2701 sua.
819 2660 945 2702 nam
971 2646 1200 2721 genitos
1227 2628 1496 2726 Agrippa*
1512 2644 1709 2729 Gaii-im
1730 2660 1798 2703 ac
1820 2643 2180 2729 Lu-ciumfm,
2222 2684 2243 2723 9
2286 2654 2353 2709 ,A
2434 2686 2459 2709 ,ἢ

26 2764 28 2773 ·
80 2728 132 2783 in
161 2726 428 2785 familiam
461 2722 774 2783 Caesarum
808 2725 1120 2800 induxerat,
1151 2730 1397 2789 necdum
1428 2731 1615 2809 posita
1645 2727 1853 2806 puerili
1881 2743 2047 2805 prae·
2216 2726 2227 2753 ¹

81 2818 230 2871 texta
263 2809 556 2886 principes
587 2802 894 2868 iuventutis
918 2810 1220 2889 appellari,
1260 2812 1532 2872 destinari
1556 2811 1825 2871 consules
1848 2812 2047 2889 specie

80 2894 394 2951 recusantis
429 2890 870 2968 flagrantissime
905 2894 1217 2970 cupiverat.
1285 2906 1345 2955 ut
1373 2896 1635 2975 Agrippa
1663 2896 1776 2956 vita
1806 2904 2115 2955 conces³1o

82 2976 168 3048 sit,
198 2974 427 3034 Lucium
458 2973 764 3036 Caesarem
797 2984 1025 3035 euntem
1056 2977 1126 3037 ad
1155 2978 1545 3057 Hispaniensis
1570 2980 1891 3055 exercitus,
1939 2977 2046 3038 Ga·

83 3057 189 3115 ium
217 3067 564 3119 remeantem
594 3059 863 3120 Armenia
896 3069 954 3119 et
981 3060 1217 3120 vnlnere
1248 3063 1551 3123 invalidum
1580 3079 1733 3127 mors
1764 3062 1883 3123 fato
1913 3078 2045 3139 pro·

83 3157 218 3216 pera
263 3141 360 3200 vel
411 3158 696 3202 novercae
734 3142 927 3203 Liviae
967 3144 1135 3204 dolus
1178 3145 1436 3223 abstulit,
1480 3146 1785 3224 Drusoque
1828 3144 2049 3223 pridem
2099 3178 2240 3245 ‘⁷7-
2276 3194 2285 3205 .
2364 3211 2373 3224 Ι

86 3225 330 3283 extincto
368 3222 522 3297 Nero
555 3224 714 3285 solus
757 3234 790 3287 e
821 3227 1096 3307 privignis
1140 3238 1294 3305 erat,
1339 3228 1477 3289 illuc
1520 3238 1721 3289 cuncta
1764 3245 2043 3306 vergere:
2078 3236 2091 3253 ³
2131 3213 2198 3258 ί
2234 3224 2361 3255 ‘²³³‘

87 3304 248 3382 iilius,
287 3307 514 3385 collega
543 3310 785 3388 imperii,
818 3328 1060 3372 consors
1090 3312 1427 3372 tribuniciae
1473 3314 1775 3390 potestatis
1805 3312 2041 3386 adsumi·
2064 3322 2111 3362 ¹⁵

87 3395 170 3445 tur
197 3392 488 3469 omnisque
509 3410 614 3473 per
639 3396 929 3455 exercitus
953 3405 1289 3471 ostentatur,
1320 3413 1435 3456 uon
1459 3394 1742 3472 obscuris,
1772 3404 1833 3455 ut
1854 3403 2038 3469 antea,

87 3474 270 3531 matris
297 3473 530 3551 artibus,
565 3476 670 3536 sed
698 3478 883 3555 palam
915 3478 1160 3543 hortatu.
1219 3496 1349 3541 nam
1379 3498 1575 3541 senem
1606 3480 1921 3556 Augustum
1942 3478 2039 3538 de-

1705 3563 1785 3625 1*
