2475 4000
342 189 461 253 192
494 265 498 270 ¹
852 197 1180 250 commu
1204 195 1440 244 mom
1461 195 1826 246 masmim

331 355 538 431 verba,
562 361 600 422 -ι-
616 351 863 429 subisse,
898 352 1262 413 sacrificasse
1284 351 1433 432 apud
1457 351 1631 420 deos;
1661 348 2003 412 discubitum
2023 351 2178 410 inter
2195 369 2350 414 cou-

333 432 527 514 vivas,
555 433 755 498 oscdla
788 436 1149 517 complexus,
1180 445 1410 496 noctem
1438 435 1688 514 denique
1717 443 1898 494 actam
1929 435 2166 495 licentia
2193 455 2348 498 cou-

330 523 529 601 iugali.
602 521 707 581 sed
746 520 886 580 nihil
934 522 1312 598 compositum
1341 519 1598 580 miraculi
1643 535 1846 595 causa,
1901 536 2101 579 verum
2141 520 2350 583 audita

330 609 665 685 scriptaque
694 604 1023 665 senioribus
1054 602 1290 664 tradam.
1713 663 1718 670 ,

450 687 553 751 28.
597 689 783 765 Igitur
815 688 1017 748 domus
1047 688 1326 766 principis
1360 687 1750 761 inhorruerat,
1781 686 2144 766 'maximeque
2181 703 2348 766 quos

261 773 271 788 ’
328 791 511 855 penes
541 775 797 852 potentia
831 781 934 850 et,
963 772 1011 830 si
1038 790 1135 831 res
1167 779 1560 846 verterentur,
1604 769 1886 845 formido,
1927 788 2044 830 non
2087 772 2204 831 iam
2243 792 2345 832 se·

331 859 505 922 cretis
540 857 888 936 conloquiis,
922 855 1026 914 sed
1058 862 1261 933 aperte
1292 854 1585 930 fremere,
1609 852 1740 912 dum
1771 852 1972 914 histrio
2001 854 2344 916 cubiculum

329 942 605 1022 principis
653 939 1049 1015 insultaverit,
1099 937 1354 998 dedecus
1379 937 1606 1016 quidem
1627 936 1878 1016 inlatum,
1909 937 2016 1009 sed
2041 938 2343 1000 excidium

281 1055 309 1094 5
330 1024 535 1111 procul
582 1024 829 1084 afuisse:
878 1039 1027 1082 nunc
1070 1024 1335 1082 iuvenem
1375 1020 1626 1081 nobilem
1669 1019 1946 1098 dignitate
1973 1021 2230 1099 formae,
2275 1027 2342 1085 vi

328 1111 533 1171 mentis
576 1125 647 1168 ac
688 1109 1013 1187 propinquo
1058 1106 1358 1166 consulatu
1403 1107 1678 1165 maiorem
1725 1103 1796 1163 ad
1851 1123 2014 1185 spem
2060 1106 2301 1184 adcingi
2319 1133 2337 1180 3

327 1213 437 1255 nec
468 1194 619 1254 enim
648 1191 969 1268 occultum,
1017 1188 1152 1268 quid
1192 1197 1326 1269 post
1366 1189 1482 1249 tale
1523 1189 1936 1249 matrimonium
1963 1202 2336 1270 superesset.

328 1277 556 1339 subibat
606 1276 729 1335 sine
774 1271 949 1335 dubio
992 1283 1177 1334 metus
1218 1281 1550 1352 reputantes
1600 1271 1868 1332 hebetem
1913 1271 2204 1334 Claudium
2265 1286 2336 1336 et

253 1384 259 1392 “
326 1361 491 1420 uxori
534 1359 859 1419 devinctum
898 1351 1223 1436 multas‘que
1277 1367 1494 1418 mortes
1539 1357 1696 1418 iussu
1733 1356 2074 1428 Messalinae
2127 1367 2328 1438 patra-

260 1469 309 1511 10
328 1453 448 1503 tas:
484 1458 684 1501 rursus
722 1443 849 1520 ipsa
880 1441 1131 1501 facilitas
1157 1442 1522 1520 imperatoris
1552 1439 1816 1501 fiduciam
1845 1440 2046 1517 dabat,
2089 1443 2137 1502 si
2165 1451 2330 1502 atro-

328 1528 501 1587 citate
531 1526 783 1584 criminis
813 1524 1306 1603 praevaluissent,
1354 1543 1529 1603 posse
1558 1525 1810 1604 opprimi
1839 1524 2155 1586 damnatam
2193 1535 2332 1586 aute

328 1628 495 1688 quam
533 1626 719 1677 ream:
758 1607 951 1667 sed—in
982 1625 1056 1667 eo
1084 1607 1392 1668 discrimen
1419 1610 1598 1686 verti,
1641 1610 1687 1666 si
1721 1607 1979 1669 defensio
2009 1609 2330 1690 audiretur,

236 1723 251 1730 κ
326 1703 501 1772 utque
533 1690 765 1753 clausae
795 1699 971 1751 aures
1004 1691 1173 1752 etiam
1204 1692 1498 1752 confitenti
1525 1693 1736 1753 forent.

452 1777 554 1838 29.
593 1776 683 1836 Ac
714 1776 896 1855 primo
930 1773 1225 1853 Callistus,
1257 1777 1367 1836 iam
1394 1775 1530 1836 mihi
1560 1778 1716 1836 circa
1737 1795 1942 1838 necem
1965 1776 2091 1838 Gai
2106 1776 2331 1839 Caesa-

325 1861 404 1920 ris
435 1869 731 1937 narratus,
779 1867 838 1920 et
866 1859 1169 1939 Appianae
1212 1859 1408 1920 caedis
1452 1862 1684 1924 molitor
1724 1862 2031 1921 Narcissus
2073 1862 2332 1939 flagran-

295 1946 657 2025 tissimaque
690 1961 763 2006 eo
793 1945 849 2005 in
887 1952 1153 2023 tempore
1186 1947 1374 2022 gratia
1405 1944 1596 2007 Pallas
1629 1948 1967 2025 agitavere,
2008 1963 2141 2007 num
2168 1945 2330 2007 Mes·

282 2066 285 2071 -
327 2030 564 2091 salinam
611 2031 1064 2091 secretisminis
1112 2029 1480 2109 depellerent
1520 2048 1715 2091 amore
1759 2031 1916 2107 Silii,
1961 2040 2166 2091 cuncta
2211 2031 2330 2091 alia

195 2171 209 2197 ⁸
272 2136 301 2177 ⁵
328 2114 766 2175 dissimulantes.
825 2112 957 2173 dein
984 2122 1157 2191 metu,
1195 2132 1270 2173 ue
1301 2114 1373 2174 ad
1401 2117 1716 2193 perniciem
1745 2115 1897 2174 ultro
1931 2115 2330 2191 traherentur,

325 2199 625 2273 desistunt,
660 2196 852 2259 Pallas
895 2215 1001 2276 per
1039 2198 1357 2276 ignaviam,
1394 2196 1666 2259 Callistus
1700 2199 1912 2277 prioris
1950 2214 2186 2277 quoque
2228 2217 2330 2258 re·

325 2282 458 2357 giae
490 2283 709 2359 peritus
739 2290 797 2341 et
841 2284 1155 2358 potentiam
1190 2282 1370 2342 cautis
1405 2300 1570 2360 quam
1599 2283 1826 2341 acribus
1861 2282 2121 2342 consiliis
2145 2284 2326 2343 tutius

326 2362 569 2425 haberis
603 2366 853 2443 perstitit
891 2364 1231 2443 Narcissus,
1278 2375 1369 2426 set
1412 2365 1598 2426 solum
1636 2364 1708 2443 id,
1726 2368 2050 2443 immutans,
2096 2382 2318 2443 nequo

326 2465 593 2508 sermone
634 2450 957 2529 praesciam
1006 2450 1258 2509 criminis
1297 2459 1356 2509 et
1383 2451 1756 2510 accusatoris
1786 2450 2039 2510 faceret:
2083 2450 2208 2527 ipse
2237 2448 2318 2507 ad

258 2552 308 2595 ιο
330 2533 675 2593 occasiones
704 2533 981 2611 intentus,
1014 2531 1190 2609 longa
1220 2532 1371 2612 apud
1403 2532 1617 2593 Ostiam
1652 2530 1917 2593 Caesaris
1949 2550 2135 2607 mora,
2169 2529 2322 2591 duas

328 2616 611 2694 paelices,
647 2633 882 2695 quarum
908 2617 957 2673 is
990 2617 1227 2695 corpori
1256 2619 1497 2677 maxime
1527 2618 1876 2694 insueverat,
1910 2617 2214 2693 largitione
2243 2633 2323 2675 ac

224 2772 233 2787 ·
324 2701 628 2780 promissis
675 2708 733 2758 et
787 2714 973 2757 uxore
1022 2697 1246 2757 deiecta
1287 2699 1418 2778 plus
1462 2700 1758 2779 potentiae
1798 2700 2142 2761 ostentando
2183 2717 2322 2779 per-

325 2783 471 2860 pulit
502 2782 847 2842 delationem
881 2778 1095 2839 subire.

374 2928 381 2945 ,
455 2864 559 2925 30.
604 2864 771 2925 Exim
816 2861 1127 2940 Calpurnia
1168 2865 1258 2947 (id
1291 2867 1501 2946 paelici
1529 2868 1808 2947 nomen),
1850 2868 1947 2928 ubi
1990 2869 2182 2929 datum
2229 2887 2326 2928 se-

330 2959 568 3025 cretum,
600 2946 846 3025 genibus
882 2944 1151 3009 Caesaris
1191 2952 1499 3029 provoluta
1530 2956 1797 3032 nupsisse
1825 2952 2200 3014 Messalinam
2231 2954 2326 3013 Si-

326 3032 407 3093 lio
442 3033 752 3099 exclamat;
785 3029 949 3089 simul
981 3027 1367 3113 Cleopatram,
1400 3054 1549 3114 quae
1578 3037 1635 3097 id
1665 3039 1852 3117 ipsum
1874 3038 2192 3117 opperiens
2221 3036 2326 3098 ad-

327 3116 541 3194 stabat,
587 3133 658 3175 an
692 3115 1075 3192 comperisset
1116 3119 1465 3197 interrogat,
1511 3130 1684 3200 atque
1717 3121 1814 3182 illa
1857 3121 2140 3182 adnuente
2177 3122 2328 3182 cieri

280 3198 658 3265 5Narcissum
699 3197 971 3277 postulat.
1031 3201 1081 3259 is
1114 3205 1335 3263 veniam
1364 3205 1422 3261 in
1463 3207 1832 3283 praeteritum
1871 3214 2112 3284 petens,
2163 3205 2328 3283 quod

326 3283 381 3341 ei
411 3282 625 3359 Titios,
657 3282 919 3359 Vettios,
951 3283 1203 3346 Plautios
1234 3286 1739 3366 dissimulavisset‚
1781 3307 1892 3349 nec
1919 3306 2071 3347 nunc
2097 3287 2326 3349 adulte·
2427 3300 2448 3319 ’

327 3365 413 3424 ria
443 3365 797 3425 obiecturum
826 3367 923 3443 ait,
960 3368 1164 3429 nedum
1192 3370 1418 3431 domum
1451 3374 1685 3433 servitia
1711 3381 1770 3433 et
1793 3382 2026 3433 ceteros
2048 3372 2326 3433 fortunae

330 3456 563 3525 paratus
608 3459 969 3530 reposceret.
1040 3453 1326 3516 frueretur
1362 3456 1529 3515 immo
1557 3455 1691 3535 ibis,
1738 3466 1828 3517 set
1864 3455 2140 3516 redderet
2171 3475 2324 3517 uxo·
