2475 4000
392 222 515 284 236
922 231 1252 281 colman
1275 230 1508 278 nom
1531 229 1901 278 ANNAmtm

394 387 521 447 cula
554 395 720 446 veste
752 386 950 446 servili
990 388 1049 446 in
1081 386 1588 447 dissimulationem
1617 385 1706 443 sui
1733 384 2092 462 compositus
2123 402 2402 463 pererra·

389 471 522 546 hat,
566 471 968 531 comitantibus
1015 472 1110 549 qui
1148 479 1424 552 raperent
1454 467 1768 528 venditioni
1803 468 2072 545 exposita
2115 478 2174 528 et
2203 469 2404 530 obviis

344 555 628 620 svulnera
659 554 960 632 inferrent,
994 555 1280 615 adversus*
1305 556 1542 631 ignaros
1573 553 1742 630 adeo,
1772 560 1834 610 ut
1861 553 1991 630 ipse
2022 569 2257 632 quoqne
2293 573 2400 613 ex·

390 640 615 717 ciperet
653 641 803 698 ictus
842 648 902 699 et
946 656 1049 698 ore
1092 638 1438 717 praeferret.
1507 636 1714 703 deinde
1756 635 1851 694 ubi
1899 633 2211 696 Caesarem
2262 655 2404 697 esse

388 725 484 802 qui
526 731 891 800 grassaretur
947 725 1240 803 pernotuit
1297 721 1769 801 augebanturque
1813 717 2054 780 iniuriae
2111 721 2407 782 adversus

385 807 547 866 viros
582 807 945 885 feminasque
980 807 1276 882 insigneS,
1322 815 1382 865 et
1412 805 1636 884 quidam
1679 805 1961 885 permissa
1998 806 2180 865 semel
2210 806 2402 867 licen-

385 891 466 950 tia
512 891 618 950 suh
676 893 904 949 nomine
943 889 1195 949 Neronis
1239 889 1402 949 inulti
1447 889 1697 968 propriis
1753 905 1880 948 cum
1933 887 2132 964 g'lobis
2186 890 2404 950 eadem

320 998 369 1038 ιο
388 973 779 1048 exercebant,
824 975 881 1030 in
922 973 1149 1032 modum
1192 973 1537 1051 captivitatis
1581 989 1699 1030 nox
1739 967 2070 1046 agebatun.
2095 971 2404 1051 Iullusque

385 1055 692 1114 Montanus
735 1057 1007 1114 senatorii
1056 1055 1312 1129 ordiniS,
1371 1055 1477 1112 sed
1522 1056 1617 1133 qui
1671 1054 1918 1113 nondum
1966 1054 2250 1116 honorem
2301 1077 2402 1117 ca-

389 1139 710 1214 pessisset,
755 1143 1111 1214 congressus
1144 1137 1299 1195 forte
1331 1155 1438 1212 per
1465 1137 1738 1196 tenebras
1771 1155 1898 1196 cum
1928 1141 2225 1218 principe,
2259 1141 2404 1219 quia

386 1221 446 1277 vi
495 1228 925 1294 attemptantem
966 1220 1181 1276 acriter
1234 1217 1602 1294 reppulerat,
1663 1219 1872 1278 deinde
1927 1222 2214 1296 adgnitum
2261 1239 2402 1280 ora-

387 1309 584 1375 verat,
623 1302 786 1395 quasi
816 1298 1263 1377 exprobrasset,
1311 1302 1456 1358 mori
1491 1300 1728 1360 adactus
1773 1311 1879 1358 est.
1937 1301 2094 1361 Nero
2122 1306 2232 1358 iam
2268 1323 2400 1359 me-

319 1409 370 1450 15
388 1384 640 1443 tuentior
680 1383 738 1441 in
796 1391 1090 1459 posterum
1130 1382 1343 1441 milites
1397 1382 1505 1441 sibi
1557 1391 1616 1441 et
1660 1383 1978 1460 plerosque
2032 1382 2402 1458 gladiatores

390 1464 795 1541 circumdedit,
844 1467 940 1543 qui
970 1461 1407 1526 rixarum'initia
1448 1463 1669 1526 modica
1698 1473 1756 1523 et
1792 1467 1954 1542 quasi
1985 1467 2211 1543 privata
2241 1468 2398 1525 sine-

387 1556 546 1608 rent:
584 1549 633 1606 si
666 1566 698 1607 a
729 1548 905 1608 laesis
938 1548 1186 1609 validius
1222 1558 1518 1626 ageretur,
1550 1567 1702 1609 arma
1734 1549 2079 1608 inferebant.
2111 1550 2398 1610 ludicram

390 1649 626 1712 quoque
682 1631 972 1691 licentiam
1034 1641 1093 1690 et
1147 1633 1408 1692 fautores
1450 1633 1786 1692 histrionum
1845 1633 2002 1692 velut
2047 1633 2108 1692 in
2165 1635 2400 1714 proelia

391 1716 679 1777 convertit
719 1717 1034 1794 inpunitate
1077 1724 1136 1774 et
1171 1717 1442 1793 praemiis
1471 1725 1644 1794 atque
1685 1718 1813 1794 ipse
1843 1716 2106 1776 occultus
2160 1727 2222 1777 et
2266 1719 2395 1797 ple-

315 1828 367 1869 20
386 1818 628 1900 rumque
668 1816 861 1860 coram
905 1808 1322 1878 prospectans,
1369 1799 1556 1860 donec
1602 1798 1854 1859 discordi
1897 1801 2119 1879 populo
2166 1811 2227 1861 et
2261 1820 2396 1878 gra-

386 1886 565 1944 vioris
600 1893 787 1945 motus
820 1892 1046 1945 terrore
1075 1900 1193 1943 non
1228 1881 1380 1944 aliud
1409 1883 1720 1943 remedium
1749 1893 2042 1963 repertum
2076 1893 2191 1963 est,
2225 1903 2399 1964 quam

387 1976 447 2029 ut
493 1968 807 2030 histriones
847 1968 1013 2030 ltalia
1051 1965 1412 2047 pellerentur
1451 1967 1734 2059 milesque
1766 1967 1992 2081 theatro
2036 1986 2270 2030 rursum
2301 1970 2398 2031 ad·

387 2054 625 2115 sideret.

508 2138 613 2199 26.
654 2137 770 2197 Per
798 2138 950 2199 idem
981 2146 1206 2216 tempus
1237 2145 1427 2196 actum
1457 2138 1514 2195 in
1543 2144 1742 2197 senatu
1775 2136 1850 2196 de
1888 2090 2192 2197 fraudibus
2222 2137 2398 2198 liber·

385 2230 607 2297 torum,
642 2221 1132 2299 efflagitatumque
1162 2229 1223 2279 ut
1257 2220 1537 2280 adversus
1566 2220 1718 2281 male
1745 2221 1985 2279 meritos
2016 2222 2396 2283 revocandae

386 2302 671 2363 libertatis
716 2306 805 2363 ius
848 2307 1107 2384 patronis
1154 2305 1406 2364 daretur.
1479 2322 1591 2363 nec
1633 2304 1872 2365 deerant
1913 2306 2011 2381 qui
2056 2316 2388 2379 censerent,

386 2386 492 2445 sed
533 2388 805 2448 consules
848 2389 1187 2450 relationem
1225 2390 1490 2468 incipere
1539 2405 1656 2448 non
1700 2390 1822 2449 ausi
1861 2390 2066 2465 ignaro
2101 2391 2389 2468 principe,

340 2495 365 2535 ε
390 2472 794 2550 perscripsere
851 2482 1039 2534 tamen
1091 2474 1148 2531 ei
1201 2489 1548 2533 consensum
1591 2483 1843 2533 senatus.
1915 2472 2028 2533 ille'
2067 2492 2139 2534 an
2183 2482 2390 2533 auctor

388 2555 809 2616 constitutionis
842 2558 1009 2617 fieret
1040 2554 1390 2616 consultavit
1416 2558 1567 2618 inter
1597 2573 1820 2635 paucos
1852 2566 1912 2616 et
1943 2558 2262 2617 sententiae
2297 2556 2386 2615 di·

383 2655 626 2716 versoS,
673 2640 1007 2718 quibusdam
1054 2639 1322 2698 coalitam
1363 2640 1628 2701 libertate
1667 2643 2113 2701 inreverentiam
2142 2657 2217 2700 eo
2247 2658 2390 2719 pro-

382 2724 614 2801 rupisse
643 2723 1041 2798 frementibus,
1069 2728 1137 2781 ut
1164 2724 1298 2782 vine
1328 2743 1400 2783 an
1435 2742 1625 2803 aequo
1656 2744 1782 2785 cum
1814 2727 2074 2803 patronis
2097 2726 2224 2784 inre
2250 2742 2394 2802 age-

383 2815 540 2883 rent,
590 2814 627 2875 ·1-
655 2810 996 2866 sententiam
1038 2821 1236 2863 eorum
1274 2809 1669 2870 consultarent
1697 2828 1767 2869 ac
1798 2808 2143 2868 verberibus
2189 2827 2394 2870 manus

315 2918 365 2959 10
384 2890 534 2949 ultro
568 2890 953 2964 intenderent,
985 2895 1022 2956 †
1050 2890 1334 2967 impulere
1363 2892 1462 2951 vel
1491 2909 1740 2971 poenam
1771 2910 1930 2951 suam
1959 2888 2392 2953 diss'uadentes.

383 2974 519 3052 quid
544 2976 692 3032 enim
717 2972 868 3033 aliud
896 2973 1060 3032 laeso
1086 2982 1332 3051 patrono
1359 2993 1702 3036 concessum
1735 2992 1903 3054 quam
1927 2986 1986 3035 ut
2008 2980 2396 3036 centesimum

380 3056 529 3116 ultra
559 3056 809 3135 lapidem
853 3057 914 3114 in
942 3074 1102 3116 oram
1133 3054 1482 3137 Campaniae
1516 3056 1780 3120 libertum
1821 3058 2100 3137 releget?
2154 3070 2396 3121 ceteras

382 3142 645 3199 actiones
672 3141 993 3218 promiscas
1030 3150 1090 3200 et
1115 3160 1290 3220 pares
1321 3161 1472 3203 esse.
1531 3143 1886 3204 tribuendum
1928 3144 2164 3222 aliquod
2212 3145 2396 3205 telum

385 3223 539 3301 quod
572 3226 769 3302 sperni
798 3232 1063 3302 nequeat.
1124 3244 1236 3285 nec
1265 3244 1448 3303 grave
1481 3241 1648 3288 manu
1675 3230 1866 3288 missis
1890 3246 2000 3308 per
2026 3228 2179 3289 idem
2215 3229 2395 3290 obse-

313 3326 364 3367 ιε
385 3310 577 3383 quium
604 3307 887 3368 retinendi
918 3309 1266 3387 libertatem,
1294 3328 1402 3389 per
1431 3311 1586 3389 quod
1616 3312 1874 3373 adsecuti
1905 3314 2052 3374 sint.
2101 3322 2164 3373 at
2198 3316 2392 3375 crimi-

381 3406 515 3447 num
544 3391 882 3452 manifestos
909 3394 1113 3453 merito
1144 3394 1215 3453 ad
1247 3396 1580 3454 servitutem
1625 3396 1870 3475 retrahi,
1911 3406 1974 3456 ut
2013 3406 2169 3457 metu
2217 3416 2394 3459 coer·

384 3481 624 3533 ceantur
656 3493 799 3553 quos
831 3476 1116 3538 beneficia
1143 3494 1260 3536 non
1296 3479 1687 3539 mutavissent.
