2475 4000
384 193 509 262 206
865 205 1195 257 connum
1226 202 1858 260 montanianum

510 365 609 426 24.
632 364 875 440 ‘Regum
917 363 973 421 in
1016 379 1085 422 eo
1130 361 1362 422 ambitio
1413 361 1506 422 vel
1538 362 1727 438 gloria
1756 364 1920 422 varie
1951 361 2220 438 vulgata:
2277 363 2412 422 sed

383 449 599 510 initium
631 446 941 524 condendi,
990 455 1048 506 et
1086 446 1241 526 quod
1275 446 1594 524 pomerium
1623 447 1898 507 Romulus
1929 447 2225 526 posuerit,
2279 465 2406 507 no-

383 551 553 595 scere
583 531 731 592 haud
762 531 1065 592 absurdum
1094 549 1248 590 reor.
1304 533 1481 608 igitur
1513 551 1544 592 a
1576 531 1706 592 foro
1737 530 1974 606 boario,
2015 531 2111 590 ubi
2145 549 2410 590 aereum

334 671 353 690 ,
383 621 528 680 tauri
560 617 917 676 simulacrum
951 615 1292 694 aspicimus,
1336 617 1466 695 quia
1497 615 1552 674 id
1600 633 1786 693 genus
1827 615 2150 676 animalium
2185 625 2408 675 aratro

340 702 669 779 5subditur,
705 700 899 760 sulcus
934 699 1272 775 designandi
1305 699 1502 779 oppidi
1535 708 1812 778 coeptus,
1848 709 1909 759 ut
1937 718 2204 778 magnam
2236 699 2406 759 Her·
2462 711 2463 714 ’

385 788 530 848 culis
559 803 712 846 aram
741 784 1217 864 amplecteretur;
1249 783 1380 843 inde
1411 786 1585 844 certis
1611 785 1810 862 spatiis
1840 784 2408 862 interiecti-lapides

382 889 490 952 per
517 872 629 930 ima
667 870 875 928 montis
904 868 1142 928 Palatini
1178 867 1249 927 ad
1286 885 1440 928 aram
1474 867 1681 945 Consi,
1727 886 1864 929 mox
1898 871 2085 930 curias
2113 877 2402 942 vetereS,

382 966 497 1017 tum
518 955 591 1016 ad
620 954 895 1014 sacellum
917 950 1241 1022 Larundae;
1275 953 1574 1031 forumque
1601 953 1918 1025 Romanum
1951 962 2007 1013 et
2031 951 2407 1032 Capitolium

382 1058 497 1100 non
528 1058 561 1100 a
587 1037 865 1114 Romulo,
898 1036 1002 1095 sed
1031 1054 1063 1096 a
1090 1035 1219 1096 Tito
1249 1037 1410 1099 Tatio
1441 1036 1688 1097 additum
1716 1037 1841 1099 urbi
1873 1036 2196 1098 credidere.
2247 1054 2406 1096 mox
2464 1074 2465 1126 ἶ

316 1153 365 1194 10
383 1141 489 1204 pro
525 1124 753 1185 fortuna
784 1121 1100 1200 pomerium
1130 1124 1377 1181 auctum.
1437 1129 1496 1181 et
1534 1137 1680 1199 quos
1710 1131 1835 1182 tum
1871 1120 2142 1182 Claudius
2185 1123 2404 1182 termi-

382 1226 489 1269 nos
520 1209 808 1285 posuerit,
845 1205 1019 1265 facile
1050 1208 1286 1283 cognitu
1319 1213 1376 1264 et
1407 1205 1652 1284 publicis
1685 1207 1828 1266 actis
1860 1206 2268 1304 perscriptum.

348 1289 359 1298 '
507 1292 606 1352 25.
652 1289 717 1351 C.
754 1291 1003 1349 Antistio
1048 1289 1125 1349 Μ.
1166 1290 1368 1349 Suillio
1415 1289 1750 1350 consulibus
1799 1289 2034 1370 adoptio
2075 1291 2128 1348 in
2173 1289 2400 1349 Domi-

382 1377 519 1436 tium
560 1375 895 1435 auctoritate
932 1372 1204 1432 Pallantis
1239 1373 1569 1451 festinatur,
1614 1375 1711 1452 qui
1747 1373 2056 1434 obstrictus
2094 1373 2396 1454 Agrippi-

310 1526 319 1546 κ
383 1477 493 1518 nae
518 1467 576 1516 ut
607 1453 961 1516 conciliator
969 1458 1288 1536 nuptiarum
1323 1467 1380 1517 et
1407 1475 1541 1518 mox
1571 1467 1769 1538 stupro
1802 1437 1936 1518 eius
1959 1458 2252 1534 inligatae,
2283 1459 2398 1516 sti-

384 1541 633 1602 mulabat
652 1539 947 1599 Claudium
972 1540 1307 1600 consuleret
1327 1545 1413 1602 rei
1437 1541 1728 1620 publicae,
1744 1537 2068 1602 Britannici
2078 1541 2400 1620 pueritiam
2466 1569 2467 1598 ι

336 1651 361 1689 5
383 1625 603 1687 robore
644 1622 1049 1684 circumdaret:
1095 1625 1179 1682 sic
1220 1625 1373 1703 apud
1421 1625 1611 1685 divum
1644 1625 2001 1703 Augustum,
2044 1643 2398 1704 quamquam

385 1709 691 1789 nepotibus
722 1707 1040 1784 subnixum,
1070 1709 1331 1784 viguisse
1360 1711 1690 1787 privignos3
1723 1727 1756 1770 a
1781 1709 2012 1771 Tiberio
2039 1728 2222 1789 super
2249 1728 2397 1788 pro·

383 1795 566 1875 priam
600 1793 837 1872 stirpem
861 1792 1258 1854 Germanicum
1283 1791 1669 1872 adsumptum:
1701 1813 1766 1854 se
1792 1812 2020 1875 quoque
2044 1795 2402 1872 accingeret

384 1881 594 1941 iuvene
621 1886 842 1956 partem
872 1895 1134 1937 curarum
1164 1880 1546 1957 capessituro.
1614 1878 1704 1938 his
1741 1881 1960 1939 evictus
2000 1877 2237 1937 biennio
2273 1895 2400 1937 ma-

384 1967 567 2025 iorem
609 1971 744 2024 natu
787 1961 1095 2024 Domitium
1136 1960 1258 2023 lilio
1307 1965 1634 2042 anteponit,
1668 1961 1881 2024 ¹,habita
1931 1959 2081 2043 apud
2125 1970 2400 2023 senatum

320 2073 366 2113 ιο
388 2051 651 2125 oratione
681 2048 923 2108 eundem
952 2049 1009 2107 in
1042 2043 1210 2126 quem'
1251 2065 1284 2107 a
1313 2045 1522 2108 liberto
1552 2057 1866 2128 acceperat
1893 2046 2137 2108 modum.
2211 2047 2399 2107 adno-
2468 2038 2469 2045 '

387 2134 580 2194 tabant
610 2133 781 2210 periti
823 2132 1034 2192 nullam
1063 2132 1306 2193 antehac
1334 2132 1704 2212 adoptionem
1734 2134 1883 2192 inter
1916 2133 2191 2212 patricios
2221 2128 2402 2192 Glan-

388 2218 515 2277 dios
543 2218 825 2295 reperiri,
866 2234 1087 2295 eosque
1119 2216 1191 2277 ab
1224 2215 1362 2276 Atto
1394 2215 1608 2277 Clauso
1647 2219 1952 2276 continuos
1981 2214 2308 2275 duravisse.

512 2299 614 2361 26.
664 2297 936 2359 Ceterum
966 2309 1130 2359 actae
1163 2302 1409 2379 principi
1443 2309 1670 2378 grates,
1717 2301 2066 2380 quaesitiore
2103 2301 2163 2359 in
2181 2299 2394 2359 'Domi-

386 2384 523 2445 tium
556 2383 909 2453 adulatione3
957 2391 1280 2461 rogataque
1318 2385 1420 2445 lex
1451 2402 1561 2465 qua
1604 2386 1660 2445 in
1701 2385 1970 2445 familiam
2002 2381 2293 2443 Claudiam
2330 2390 2393 2440 et

386 2486 596 2529 nomen
624 2466 876 2528 Neronis
918 2468 1205 2549 transiret.
1275 2477 1518 2546 augetur
1549 2478 1609 2529 et
1635 2470 1964 2548 Agrippina
1996 2474 2390 2545 cognomento

386 2556 704 2631 Augustae.
781 2550 989 2630 quibus
1034 2542 1274 2629 patratis
1306 2569 1476 2612 nemo
1509 2552 1688 2614 adeo·
1705 2571 1919 2632 expers
1953 2549 2392 2613 misericordiae

336 2659 361 2699 5
386 2638 521 2714 fuit,
559 2655 728 2715 quem
758 2654 874 2697 non
898 2634 1207 2695 Britannici
1239 2636 1468 2697 fortuna
1493 2656 1763 2698 maerore
1795 2637 2088 2698 adficeret.
2152 2632 2393 2693 desola-

385 2730 475 2781 tus
512 2722 779 2800 paulatim
815 2721 985 2781 etiam
1030 2717 1339 2779 servilibus
1380 2721 1716 2782 ministeriis
1747 2719 2258 2801 perintempestiva
2287 2736 2392 2777 no·

385 2822 600 2865 vercae
631 2806 825 2865 officia
852 2805 911 2864 in
940 2801 1241 2863 ludibrium
1272 2805 1567 2883 vertebat,
1598 2802 1950 2884 intellegens
1980 2804 2136 2866 falsi.
2197 2820 2396 2882 neque

387 2892 537 2949 enim
566 2896 807 2969 segnem
840 2889 893 2948 ei
922 2886 1103 2947 fuisse
1135 2886 1385 2949 indolem
1413 2889 1636 2967 ferunt,
1680 2890 1804 2951 sive
1835 2907 2067 2967 verum,
2105 2904 2212 2947 seu
2241 2888 2400 2965 peri·

388 2974 535 3035 culis
568 2971 994 3033 commendatus
1023 2971 1254 3032 retinuit
1283 2973 1490 3035 famam
1523 2976 1648 3034 sine
1681 2975 2102 3053 experimento.

460 3092 465 3097 -
510 3057 610 3119 27.
658 3056 773 3117 Sed
801 3055 1128 3134 Agrippina
1166 3075 1278 3136 quo
1307 3061 1422 3118 vim
1469 3076 1628 3118 suam
1664 3059 1840 3119 sociis
1886 3075 2122 3137 quoque
2153 3054 2398 3116 nationi-

386 3143 493 3203 bus
530 3150 877 3217 ostentaret,
911 3141 967 3199 in
999 3142 1268 3220 oppidum
1298 3142 1576 3205 Ubiorum
1595 3190 1628 3221 ‚.
1645 3144 1701 3203 in
1731 3160 1847 3223 quo
1876 3143 2072 3220 genita
2103 3148 2270 3217 erat,
2302 3158 2397 3199 ve-

387 3235 623 3288 teranos
669 3226 1069 3326 coloniamque
1116 3225 1323 3287 deduci
1362 3228 1654 3306 impetrat,
1699 3230 1790 3288 cui
1829 3244 2038 3287 nomen
2083 3224 2327 3285 inditum
2367 3241 2400 3281 e

384 3309 675 3372 vocabulo
722 3310 919 3389 ipsius.
1000 3328 1069 3369 ac
1112 3310 1264 3371 forte
1306 3310 1596 3372 acciderat
1640 3321 1700 3372 ut
1744 3323 1869 3372 eam
1917 3308 2396 3389 gentem-Rheno

342 3411 369 3452 5
388 3403 821 3473 transgressam
840 3412 980 3455 avus
1011 3394 1279 3474 Agrippa
1317 3396 1374 3455 in
1405 3395 1574 3455 fldem
1605 3398 1924 3475 acciperet.

509 3477 699 3539 Isdem
738 3476 1093 3560 temporibus
1136 3480 1192 3537 in
1238 3479 1543 3559 superiore
1573 3478 1873 3541 Germania
1917 3478 2268 3589 trepidaturn
2303 3474 2394 3537 ad-
