2475 4000
336 232 465 294 122
867 237 1197 288 0012an
1241 235 1478 284 ‘rAcm
1515 231 1882 280 nummum

332 398 579 460 amicitia
610 393 933 454 Germanici
960 392 1293 472 perniciosa
1323 390 1578 465 utrique,
1623 385 1766 446 Silio
1796 393 1854 444 et
1883 383 2040 463 quod
2071 384 2338 460 ingentis

333 479 627 542 exercitus
658 486 881 556 septem
911 494 1021 553 per
1066 477 1248 534 annos
1290 471 1620 532 moderator
1663 469 1962 548 partisque
2000 467 2156 545 apud
2189 465 2338 526 Ger·

276 582 279 586 ·
332 565 573 626 maniam
606 558 1039 640 triumphalibus
1070 556 1459 617 Sacroviriani
1503 554 1646 614 belli
1685 555 1909 612 victor:
1955 561 2172 629 quanto
2217 568 2338 608 ma-

284 672 311 710 s
335 652 460 709 iore
490 645 643 707 mole
674 645 1029 724 procideret,
1059 641 1189 720 plus
1218 639 1536 700 formidinis
1574 640 1631 696 in
1675 637 1822 696 alios
1864 633 2341 713 dispergebatur.

334 730 648 794 credebant
687 729 951 808 plerique
985 734 1206 785 auctam
1243 723 1622 784 offensionem
1652 721 1836 799 ipsi-us
1873 719 2342 796 intemperantia,

275 841 285 852 ⁴
332 814 635 876 immodice
666 813 930 872 iactantis
963 827 1123 869 suum
1156 805 1391 876 militem
1423 808 1481 865 in
1511 805 1798 882 obsequio
1830 804 2166 877 duravisse,
2203 818 2360 878 cum·

334 901 429 961 alii
478 898 547 958 ad
590 897 905 957 seditiones
956 892 1430 971 prolaberentur;
1481 896 1672 967 neque
1706 903 2047 948 „mansurum
2091 885 2344 944 Tiberio

333 984 665 1062 imperium,
708 983 756 1038 si
794 979 867 1038 iis
916 993 1143 1055 quoque
1188 973 1516 1052 legionibus
1557 972 1768 1050 cupido
1815 971 2062 1030 novandi
2103 969 2344 1028 fuisset.

265 1087 315 1128 ιο
334 1067 700 1145 destrui,per
740 1063 889 1122 haec
932 1061 1214 1119 fortunam
1273 1077 1430 1118 suam
1477 1055 1694 1117 Caesar
1741 1056 2112 1133 inparemque
2169 1061 2346 1112 tanto

334 1153 536 1210 merito
571 1146 825 1207 rebatur.
884 1162 1013 1203 nam
1048 1143 1334 1202 beneficia
1372 1160 1443 1201 eo
1476 1159 1658 1218 usque
1689 1139 1842 1198 laeta
1873 1147 2026 1214 sunt,
2075 1137 2210 1196 dum
2254 1139 2346 1194 vi·

335 1234 537 1293 dentur
578 1230 807 1290 exsolvi
855 1245 1065 1305 posse:
1120 1226 1214 1285 ubi
1255 1226 1487 1285 multum
1539 1233 1916 1300 antevenere,
1977 1238 2086 1300 pro
2137 1223 2344 1297 gratia

335 1316 527 1374 odium
557 1311 833 1377 redditur.
1599 1369 1604 1380 ¹

464 1397 561 1456 19.
602 1393 743 1452 Erat
769 1409 918 1450 uxor
950 1392 1091 1450 Silio
1124 1392 1295 1453 Sosia
1326 1391 1520 1467 Galla,
1567 1393 1804 1450 caritate
1844 1389 2208 1467 Agrippinae
2247 1391 2342 1446 in-

338 1479 458 1536 visa
492 1476 757 1553 principi.
820 1473 927 1532 hos
961 1474 1177 1550 corripi
1206 1474 1382 1534 dilato
1417 1474 1489 1534 ad
1523 1483 1748 1552 tempus
1786 1473 2002 1534 Sabino
2035 1471 2342 1550 placitum,

334 1559 715 1632 inmissusque
746 1559 934 1614 Varro
968 1555 1195 1628 consul,
1230 1558 1326 1632 qui
1359 1567 1632 1632 paternas
1663 1556 1986 1617 inimicitias
2009 1545 2346 1614 obtendens

338 1641 487 1702 odiis
516 1638 707 1699 Seiani
736 1655 844 1716 per
887 1635 1139 1695 dedecus
1182 1655 1346 1694 suum
1385 1639 1834 1712 gratificabatur.
1904 1646 2180 1716 precante
2227 1655 2344 1696 reo

284 1739 316 1778 5
339 1726 576 1787 brevem
606 1738 854 1796 moram,
896 1720 1025 1779 dum
1065 1728 1371 1779 accusator
1399 1722 1698 1779 consulatu
1739 1720 1950 1797 abiret,
1995 1721 2348 1798 adversatus

338 1817 427 1867 est
451 1805 699 1869 Caesar:
726 1803 955 1864 solitum
980 1803 1199 1881 quippe
1221 1802 1650 1878 magistratibus
1675 1805 1826 1864 diem
1849 1804 2090 1882 privatis
2103 1804 2344 1870 dicere:

336 1907 448 1950 nec
478 1887 900 1966 infringendum
933 1886 1187 1946 consulis
1216 1888 1327 1963 ius,
1359 1886 1518 1946 cuius
1544 1888 1758 1962 vigiliis
1782 1890 2058 1946 niteretur
2081 1906 2154 1952 ne
2179 1887 2348 1966 quod

336 1993 432 2037 res
476 1971 709 2053 publica
752 1971 1149 2036 detrimentum
1178 1977 1450 2050 caperet.
1526 1972 1826 2049 proprium
1865 1969 1923 2029 id
1952 1967 2188 2031 Tiberio
2235 1970 2348 2029 fuit

337 2059 566 2120 scelera
595 2075 779 2135 nuper
809 2063 1041 2135 reperta
1084 2055 1291 2134 priscis
1331 2052 1526 2113 verbis
1571 2054 1876 2131 obtegere.
1947 2055 2121 2128 igitur
2161 2054 2348 2111 multa

265 2159 318 2199 ιο
338 2142 805 2215 adseveratione,
842 2140 1007 2217 quasi
1039 2148 1134 2197 aut
1168 2138 1400 2215 legibus
1429 2156 1558 2197 cum
1586 2138 1731 2197 Silio
1762 2144 2034 2214 ageretur
2063 2143 2160 2193 aut
2189 2136 2346 2195 Var-

282 2260 287 2268 ·
336 2244 402 2285 ro
437 2223 638 2283 consul
668 2231 764 2281 aut
784 2220 924 2281 illud
954 2240 1052 2281 res
1078 2220 1308 2299 publica
1333 2231 1512 2298 esset,
1547 2230 1832 2297 coguntur
1856 2227 2072 2297 patres.
2125 2217 2346 2277 silente

265 2300 273 2307 ’
337 2325 461 2380 reo,
491 2305 587 2365 vel
618 2307 667 2364 si
684 2304 1101 2364 edefensionem
1130 2314 1470 2382 coeptaret,
1512 2322 1627 2365 non
1674 2304 2003 2363 occultante
2045 2302 2206 2361 cuius
2254 2303 2350 2361 ira

336 2399 717 2469 premeretur,
752 2388 1109 2447 conscientia
1134 2386 1276 2446 belli
1299 2389 1573 2449 Sacrovir
1597 2389 1690 2449 diu
1713 2386 2118 2462 dissimulatus,
2149 2387 2341 2443 victo-

336 2475 420 2534 ria
467 2472 573 2552 pe'r
616 2474 913 2533 avaritiam
948 2469 1181 2530 foedata
1224 2479 1282 2529 et
1322 2489 1471 2531 uxor
1511 2473 1680 2531 Sosia
1731 2470 2138 2547 arguebantur.
2219 2486 2344 2527 nec

268 2584 317 2624 15
337 2556 506 2618 dubie
539 2556 985 2636 repetundarum
1016 2552 1344 2613 criminibus
1375 2554 1724 2632 haerebant,
1771 2554 1878 2615 sed
1925 2562 2130 2613 cuncta
2159 2570 2346 2630 quae·

336 2642 525 2701 stione
556 2641 871 2701 maiestatis
902 2640 1181 2717 exercita,
1215 2646 1274 2695 et
1303 2637 1476 2697 Silius
1505 2640 1890 2715 imminentem
1919 2636 2348 2698 damnationem

337 2722 663 2786 voluntario
702 2725 817 2785 fine
847 2722 1184 2801 praevertit.

462 2808 564 2870 20.
611 2806 903 2867 Saevitum
932 2813 1121 2864 tamen
1165 2804 1224 2862 in
1253 2802 1437 2882 hona,
1478 2822 1594 2865 non
1634 2814 1692 2865 ut
1735 2804 2124 2883 stipendiariis
2162 2822 2348 2883 pecu-

328 2893 464 2953 niae
506 2890 923 2965 redderentur,
970 2904 1212 2966 quorum
1249 2905 1418 2947 nemo
1469 2888 1804 2969 repetebat,
1856 2888 1964 2947 sed
2017 2888 2352 2966 liberalitas

335 2974 585 3053 Augusti
620 2972 839 3049 avulsa,
881 2974 1209 3049 conputatis
1237 2971 1572 3049 singillatim
1605 2986 1750 3051 quae
1780 2972 1926 3033 fisco
1973 2971 2348 3050 petebantur.

336 3077 407 3129 ea
460 3058 643 3137 prima
694 3055 927 3117 Tiberio
993 3072 1135 3132 erga
1192 3056 1496 3136 pecuniam
1560 3056 1802 3117 alienam
1859 3055 2156 3134 diligentia
2217 3056 2348 3115 fuit.

281 3156 310 3195 ⁵
337 3143 507 3202 Sosia
552 3142 609 3201 in
660 3140 891 3200 exilium
932 3138 1162 3219 pellitur
1202 3138 1390 3201 Asinii
1435 3138 1585 3201 Galli
1629 3142 1947 3217 sententia,
1993 3142 2090 3218 qui
2118 3148 2352 3218 partem

334 3224 619 3286 bonorum
650 3222 1085 3303 publicandam,
1132 3242 1268 3303 pars
1297 3232 1360 3285 ut
1392 3223 1592 3283 liberis
1622 3224 2048 3302 relinqueretur
2097 3239 2350 3283 censue-

334 3318 443 3369 rat.
515 3316 718 3387 contra
774 3306 871 3369 Μ’.
922 3306 1173 3387 Lepidus
1226 3317 1487 3387 quartam
1537 3306 1976 3369 accusatoribus
2027 3306 2354 3369 secundum

335 3391 817 3456 necessitudinem
842 3392 1016 3471 legis,
1053 3402 1250 3451 cetera
1279 3391 1478 3452 liberis
1515 3388 1822 3452 concessit.
1887 3390 2040 3453 bunc
2077 3408 2198 3468 ego
2236 3390 2350 3451 Le·

334 3472 527 3551 pidum
564 3476 919 3557 temporibus
972 3475 1089 3537 illis
1138 3492 1381 3553 gravem
1435 3483 1494 3535 et
1545 3476 1870 3554 sapientem
1923 3475 2106 3539 virum
2157 3475 2348 3535 fuisse
