2475 4000
310 200 433 262 256
570 169 599 180 ⁸
815 208 1147 258 consent
1175 173 1412 258 mern
1435 209 1802 260 Anxanum

434 368 492 428 6.
528 365 657 426 Illic
668 372 963 464 ’reputans
996 363 1129 424 ideo
1174 381 1239 424 se
1271 363 1582 440 fallacibus
1623 365 1804 425 literis
1835 366 2080 426 accitani
2117 374 2181 426 et
2207 365 2340 427 ho-

312 468 453 511 nore
485 451 798 529 praecipuo
827 447 1098 547 habitam,
1130 447 1422 527 quodque
1431 449 1562 509 litus
1593 450 1766 525 iuxtzr,
1793 466 1910 508 non
1938 450 2143 510 ventis
2161 459 2338 527 acta,

310 553 425 595 non
458 533 614 594 saxis
654 531 883 611 inpulsa
910 535 1075 592 navis
1104 549 1321 593 summa
1354 533 1448 592 sui
1473 542 1635 613 parte
1667 533 1846 594 veluti
1885 541 2171 594 terrestre
2200 552 2338 594 ma·

314 620 729 684 chinamentum,
760 616 1129 693 concidisset,
1161 617 1482 677 observans
1505 619 1677 682 etiam
1701 617 2062 678 Acerroniae
2085 635 2340 695 necem,

265 727 293 766 5
314 703 477 764 simul
507 719 667 764 suum
700 701 907 761 vulnus
938 703 1248 780 aspiciens,
1283 700 1466 762 solum
1489 702 1816 762 insidiarum
1838 702 2158 763 remedium
2181 719 2340 762 esse

312 787 529 865 sensit,
572 789 620 846 si
662 803 779 845 non
822 785 1328 863 intellegerentur;
1363 787 1630 865 misitque
1672 785 1940 848 libertum
1969 785 2334 863 Agerinum,

314 875 427 952 qui
435 873 723 932 nuntiaret
764 868 884 928 filio
929 867 1285 947 benignitate
1316 869 1482 930 deum
1523 879 1583 930 et
1624 869 1849 930 fortuna
1893 870 2016 930 eius
2049 872 2332 930 evasisse

313 973 559 1044 gravem
581 971 805 1023 casum;
856 953 1029 1013 orare
1068 962 1130 1013 ut
1172 955 1440 1040 quamvis
1471 954 1735 1034 periculo
1767 955 1964 1037 matris
1999 955 2334 1014 exterritus

312 1035 559 1113 visendi
570 1056 763 1099 curam
791 999 1087 1108 ’differrem
1128 1037 1238 1098 sibi
1268 1038 1340 1098 ad
1370 1056 1650 1117 praesens
1685 1027 1878 1116 quiete
1908 1056 2076 1118 opus.
2137 1046 2334 1116 atque

240 1126 537 1186 aointerim
593 1123 905 1184 securitate
955 1121 1217 1182 simulata
1271 1122 1648 1184 medicamina
1688 1123 1913 1182 vulneri
1957 1131 2016 1182 et
2059 1122 2334 1182 fomenta

318 1208 553 1289 corpori
594 1205 852 1276 adhihet;
908 1214 1308 1272 testamentum
1349 1207 1709 1267 Acerroniae
1766 1207 1985 1285 requiri
2041 1205 2328 1285 bonaque

317 1293 614 1369 obsignari
644 1289 823 1368 iubet,
846 1290 903 1350 id
930 1300 1145 1351 tantum
1174 1308 1291 1351 non
1323 1310 1429 1371 per
1461 1291 1900 1370 simulationem.

444 1378 501 1435 7.
539 1375 619 1435 At
643 1374 865 1435 Neroni
896 1377 1125 1436 nuntios
1160 1377 1364 1455 patrati
1393 1375 1670 1436 facinoris
1701 1375 2030 1455 opperienti
2057 1373 2324 1434 adfertur

320 1458 579 1519 evasisse
620 1460 739 1518 ictu
778 1457 897 1518 levi
940 1461 1192 1520 sauciam
1234 1469 1293 1519 et
1333 1459 1609 1520 hactenus
1647 1458 1813 1520 adito
1844 1460 2198 1536 discrimine,
2239 1477 2326 1518 ne

316 1552 516 1603 auctor
558 1541 929 1602 dubitaretur.
986 1552 1100 1602 tum
1142 1561 1364 1622 pavore
1403 1544 1678 1604 exanimis
1720 1553 1777 1603 et
1808 1545 1920 1604 iam
1959 1546 2188 1621 iamque
2222 1542 2326 1602 ad-

314 1628 446 1688 fore
471 1625 767 1687 obtestans
794 1625 1083 1687 vindictae
1112 1645 1456 1707 properam,
1501 1631 1626 1689 sive
1664 1630 1900 1688 servitia
1937 1635 2190 1687 armaret
2219 1626 2328 1686 vel

272 1711 551 1772 smilitem
583 1708 961 1788 accenderet,
1008 1713 1133 1771 sive
1167 1710 1240 1771 ad
1270 1721 1528 1772 senatum
1554 1722 1613 1772 et
1644 1712 1916 1792 populum
1943 1710 2326 1790 pervaderet,

316 1794 673 1872 naufragium
704 1802 765 1853 et
796 1794 1007 1854 vulnus
1043 1803 1101 1854 et
1144 1796 1486 1870 interfectos
1515 1799 1731 1856 amicos
1773 1795 2112 1856 obiciendo:
2157 1793 2332 1873 quod

320 1875 519 1942 contra
546 1878 859 1940 subsidium
890 1876 1039 1939 sibi?
1078 1880 1186 1941 nisi
1206 1879 1342 1959 quid
1363 1877 1577 1940 Burrus
1602 1889 1661 1940 et
1683 1881 1910 1940 Seneca
1941 1878 2322 1958 expedirent;

321 1982 467 2045 quos
510 1967 695 2026 statim
737 1965 1063 2041 acciverat,
1112 1966 1392 2025 incertum
1436 1983 1508 2025 an
1550 1974 1608 2026 et
1648 1974 1780 2029 aute
1822 1966 2077 2043 ignaros.
2139 1964 2328 2041 igitur

318 2051 556 2128 longum
600 2050 897 2129 utriusque
942 2050 1260 2126 silentium,
1313 2067 1389 2110 ne
1443 2051 1596 2110 inriti
1639 2049 2069 2126 dissuaderent,
2123 2065 2199 2111 an
2241 2066 2326 2109 eo

198 2173 211 2181 κ
237 2153 301 2194 ,ιο
320 2135 665 2195 descensum
696 2134 1041 2211 credebant,
1075 2140 1168 2212 ut,
1211 2135 1321 2194 nisi
1351 2135 1788 2214 praeveniretur
1816 2094 2174 2212 Agrippina,
2219 2151 2327 2212 pe-

224 2285 233 2291 ,
302 2217 593 2279 reundum
629 2216 849 2277 Neroni
894 2228 1073 2279 esset.
1135 2229 1270 2298 post
1297 2220 1524 2278 Seneca
1553 2218 1831 2279 hactenus
1863 2219 2228 2305 promptius,
2259 2223 2332 2277 ut

317 2304 669 2380 respiceret
686 2300 923 2361 Burrum
956 2319 1025 2362 ac
1067 2304 1463 2363 sciscitaretur
1505 2321 1578 2363 an
1615 2303 1774 2363 militi
1807 2282 2146 2381 imperanda
2187 2320 2322 2362 cae-

321 2386 424 2446 des
464 2394 639 2445 esset.
700 2385 801 2446 ille
839 2388 1244 2465 praetorianos
1278 2390 1382 2447 toti
1421 2386 1732 2447 Caesarum
1769 2386 1955 2447 domui
2000 2385 2320 2447 obstrictos

318 2487 721 2549 memoresque
748 2470 1070 2531 Germanici
1119 2471 1258 2532 nihil
1293 2472 1572 2533 adversus
1617 2473 1962 2550 progeniem
1991 2472 2120 2531 eius
2149 2478 2318 2529 atrox

240 2573 302 2613 -ιε
324 2572 565 2615 ausuros
592 2555 918 2635 respondit:
958 2564 1326 2634 perpetraret
1365 2556 1646 2615 Anicetus
1679 2556 1983 2635 promissa.
2048 2555 2144 2633 qui
2171 2552 2318 2613 nihil

248 2672 253 2677 0
322 2647 617 2699 cunctatus
648 2641 843 2719 poscit
869 2657 1139 2700 summam
1169 2640 1437 2701 sceleris.
1503 2639 1577 2699 ad
1617 2657 1744 2700 eam
1773 2657 1981 2701 vocem
2009 2638 2168 2699 Nero
2208 2637 2316 2703 illo

321 2722 429 2783 sibi
472 2722 565 2783 die
609 2723 730 2785 dari
773 2725 1070 2803 imperium
1108 2734 1520 2803 auctoremque
1564 2727 1704 2786 tanti
1757 2724 2006 2784 muneris
2049 2722 2320 2783 libertum

320 2808 651 2887 profitetur:
696 2811 807 2869 iret
845 2826 1099 2889 propere
1147 2808 1502 2887 duceretque
1542 2810 2008 2888 promptissimos
2037 2807 2112 2867 ad
2141 2809 2316 2870 iussa.

288 2894 449 2971 -ipse
510 2892 701 2953 audito
748 2895 981 2953 venisse
1018 2894 1213 2953 ‘missu
1257 2893 1620 2972 Agrippinae
1673 2894 1926 2953 nuntium
1974 2892 2318 2970 Agerinum,

216 2991 303 3031 ,220
316 2984 595 3037 ‘scaenam
620 2977 771 3037 ultro
804 2977 1051 3037 criminis
1080 2987 1268 3057 parat,
1301 2977 1701 3056 gladiumque,
1733 2976 1863 3037 dum
1893 2976 2158 3037 mandata
2188 2994 2318 3055 per-

320 3060 463 3138 fert,
514 3059 685 3121 abicit
707 3064 871 3120 'inter
916 3061 1099 3141 pedes
1144 3062 1298 3138 eius,
1346 3070 1460 3122 tum
1481 3063 1666 3141 „quasi
1705 3060 2077 3141 deprehenso
2125 3060 2320 3121 vincla

322 3145 457 3204 inici
500 3145 688 3223 iubet,
738 3153 799 3204 ut
830 3146 1059 3206 exitium
1100 3147 1390 3227 principis
1419 3146 1672 3207 molitam
1715 3155 1954 3207 matrem
1996 3154 2056 3205 et
2091 3145 2317 3225 pudore

251 3228 679 3309 deprehensi
702 3228 943 3291 sceleris
974 3240 1185 3309 sponte
1213 3240 1456 3292 mortem
1487 3230 1802 3311 sumpsisse
1839 3230 2224 3307 confingeret.

443 3311 502 3373 8.
534 3314 776 3375 Interim
803 3314 1039 3392 vulgato
1069 3316 1432 3397 Agrippinae
1466 3314 1762 3394 periculo,
1809 3316 1973 3394 quasi
2005 3333 2148 3375 casu
2179 3330 2312 3375 eve-

325 3396 528 3473 nisset,
561 3400 893 3477 utquisque
927 3410 1270 3479 acceperat,
1313 3399 1624 3459 decurrere
1657 3399 1729 3460 ad
1759 3398 1912 3459 litus.
1979 3398 2039 3459 hi
2081 3398 2314 3459 molium

314 3475 614 3558 obiectus,
634 3481 706 3542 hi
742 3485 1036 3562 proximas
1056 3484 1316 3563 scaphas
1361 3483 1670 3554 scandere;
1714 3483 1840 3560 alii,
1883 3491 2152 3561 quantum
2185 3499 2312 3543 cor
