<?xml version="1.0" encoding="UTF-8"?>
<!DOCTYPE html PUBLIC "-//W3C//DTD XHTML 1.0 Transitional//EN"
    "http://www.w3.org/TR/xhtml1/DTD/xhtml1-transitional.dtd">
<html xmlns="http://www.w3.org/1999/xhtml" xml:lang="en" lang="en">
 <head>
  <title>
</title>
<meta http-equiv="Content-Type" content="text/html;charset=utf-8" />
  <meta name='ocr-system' content='tesseract 3.04.00' />
  <meta name='ocr-capabilities' content='ocr_page ocr_carea ocr_par ocr_line ocrx_word'/>
</head>
<body>
  <div class='ocr_page' id='page_1' title='image "./corneltacitilib00unkngoog_0126.png"; bbox 0 0 2475 4000; ppageno 0'>
   <div class='ocr_carea' id='block_1_1' title="bbox 370 189 1857 282">
    <p class='ocr_par' dir='ltr' id='par_1_1' title="bbox 370 189 1857 282">
     <span class='ocr_line' id='line_1_1' title="bbox 370 189 1857 282; baseline -0.011 0"><span class='ocrx_word' id='word_1_1' title='bbox 370 220 450 282; x_wconf 88' lang='grc'><strong>66</strong></span> <span class='ocrx_word' id='word_1_2' title='bbox 688 209 693 216; x_wconf 83' lang='grc'><em>’</em></span> <span class='ocrx_word' id='word_1_3' title='bbox 784 229 791 236; x_wconf 69' lang='grc'><em>’</em></span> <span class='ocrx_word' id='word_1_4' title='bbox 853 189 1181 273; x_wconf 70' lang='lat' dir='ltr'><strong>connnnn</strong></span> <span class='ocrx_word' id='word_1_5' title='bbox 1218 205 1450 270; x_wconf 78' lang='lat' dir='ltr'><strong>TA&#39;cm</strong></span> <span class='ocrx_word' id='word_1_6' title='bbox 1491 219 1857 268; x_wconf 64' lang='lat' dir='ltr'><strong>mannum</strong></span> 
     </span>
    </p>
   </div>
   <div class='ocr_carea' id='block_1_2' title="bbox 254 343 2475 3032">
    <p class='ocr_par' dir='ltr' id='par_1_2' title="bbox 368 343 2475 460">
     <span class='ocr_line' id='line_1_2' title="bbox 368 343 2380 460; baseline -0.006 -17"><span class='ocrx_word' id='word_1_7' title='bbox 368 402 512 443; x_wconf 88' lang='lat' dir='ltr'><strong>mam</strong></span> <span class='ocrx_word' id='word_1_8' title='bbox 552 360 883 460; x_wconf 85' lang='lat' dir='ltr'><strong>provinciae</strong></span> <span class='ocrx_word' id='word_1_9' title='bbox 927 373 1146 439; x_wconf 85' lang='lat' dir='ltr'><strong>redacti</strong></span> <span class='ocrx_word' id='word_1_10' title='bbox 1192 378 1263 452; x_wconf 93' lang='lat' dir='ltr'><strong>Q.</strong></span> <span class='ocrx_word' id='word_1_11' title='bbox 1308 343 1616 452; x_wconf 83' lang='lat' dir='ltr'><strong>Veranium</strong></span> <span class='ocrx_word' id='word_1_12' title='bbox 1647 375 1916 454; x_wconf 86' lang='lat' dir='ltr'><strong>legatum</strong></span> <span class='ocrx_word' id='word_1_13' title='bbox 1929 391 2254 452; x_wconf 89' lang='lat' dir='ltr'><strong>accepere;</strong></span> <span class='ocrx_word' id='word_1_14' title='bbox 2303 382 2380 433; x_wconf 81' lang='lat' dir='ltr'><strong>et</strong></span> 
     </span>
    </p>

    <p class='ocr_par' dir='ltr' id='par_1_3' title="bbox 303 445 2374 711">
     <span class='ocr_line' id='line_1_3' title="bbox 303 445 2374 567; baseline -0.005 -42"><span class='ocrx_word' id='word_1_15' title='bbox 303 487 349 525; x_wconf 68' lang='grc' dir='ltr'><strong>ιε</strong></span> <span class='ocrx_word' id='word_1_16' title='bbox 370 465 644 567; x_wconf 82' lang='lat' dir='ltr'><strong>quaedam</strong></span> <span class='ocrx_word' id='word_1_17' title='bbox 688 483 763 532; x_wconf 85' lang='lat' dir='ltr'><strong>ex</strong></span> <span class='ocrx_word' id='word_1_18' title='bbox 806 464 987 541; x_wconf 83' lang='lat' dir='ltr'><strong>regiis</strong></span> <span class='ocrx_word' id='word_1_19' title='bbox 1024 461 1249 522; x_wconf 89' lang='lat' dir='ltr'><strong>tributis</strong></span> <span class='ocrx_word' id='word_1_20' title='bbox 1295 445 1612 535; x_wconf 81' lang='lat' dir='ltr'><strong>deminuta,</strong></span> <span class='ocrx_word' id='word_1_21' title='bbox 1659 475 1772 536; x_wconf 92' lang='lat' dir='ltr'><strong>quo</strong></span> <span class='ocrx_word' id='word_1_22' title='bbox 1821 459 2006 528; x_wconf 87' lang='lat' dir='ltr'><strong>mitius</strong></span> <span class='ocrx_word' id='word_1_23' title='bbox 2039 458 2374 516; x_wconf 86' lang='lat' dir='ltr'><strong>Romanum</strong></span> 
     </span>
     <span class='ocr_line' id='line_1_4' title="bbox 368 541 2372 669; baseline -0.005 -60"><span class='ocrx_word' id='word_1_24' title='bbox 368 552 662 647; x_wconf 80' lang='lat' dir='ltr'><strong>imperium</strong></span> <span class='ocrx_word' id='word_1_25' title='bbox 696 556 1045 626; x_wconf 75' lang='lat' dir='ltr'><strong>speraretur.</strong></span> <span class='ocrx_word' id='word_1_26' title='bbox 1110 543 1514 621; x_wconf 81' lang='lat' dir='ltr'>Commagenis</span> <span class='ocrx_word' id='word_1_27' title='bbox 1539 543 1610 617; x_wconf 91' lang='lat' dir='ltr'><strong>Q.</strong></span> <span class='ocrx_word' id='word_1_28' title='bbox 1637 544 1928 601; x_wconf 84' lang='lat' dir='ltr'><strong>Servaeus</strong></span> <span class='ocrx_word' id='word_1_29' title='bbox 1956 541 2372 669; x_wconf 77' lang='lat' dir='ltr'><strong>praeponitur,</strong></span> 
     </span>
     <span class='ocr_line' id='line_1_5' title="bbox 366 626 1628 711; baseline -0.006 -19"><span class='ocrx_word' id='word_1_30' title='bbox 366 643 482 692; x_wconf 88' lang='lat' dir='ltr'><strong>tum</strong></span> <span class='ocrx_word' id='word_1_31' title='bbox 514 635 752 711; x_wconf 90' lang='lat' dir='ltr'><strong>primum</strong></span> <span class='ocrx_word' id='word_1_32' title='bbox 782 631 852 691; x_wconf 91' lang='lat' dir='ltr'><strong>ad</strong></span> <span class='ocrx_word' id='word_1_33' title='bbox 883 633 969 689; x_wconf 85' lang='lat' dir='ltr'><strong>ius</strong></span> <span class='ocrx_word' id='word_1_34' title='bbox 1003 630 1292 708; x_wconf 84' lang='lat' dir='ltr'><strong>praetoris</strong></span> <span class='ocrx_word' id='word_1_35' title='bbox 1317 626 1628 688; x_wconf 80' lang='lat' dir='ltr'><strong>translatis.</strong></span> 
     </span>
    </p>

    <p class='ocr_par' dir='ltr' id='par_1_4' title="bbox 368 707 2475 1044">
     <span class='ocr_line' id='line_1_6' title="bbox 492 707 2475 792; baseline -0.006 -16"><span class='ocrx_word' id='word_1_36' title='bbox 492 717 592 776; x_wconf 88' lang='lat'><strong>57.</strong></span> <span class='ocrx_word' id='word_1_37' title='bbox 664 714 993 792; x_wconf 85' lang='lat' dir='ltr'><strong>Cunctaque</strong></span> <span class='ocrx_word' id='word_1_38' title='bbox 1047 712 1288 771; x_wconf 89' lang='lat' dir='ltr'><strong>socialia</strong></span> <span class='ocrx_word' id='word_1_39' title='bbox 1345 729 1630 790; x_wconf 80' lang='lat' dir='ltr'><strong>prospere</strong></span> <span class='ocrx_word' id='word_1_40' title='bbox 1681 711 2000 787; x_wconf 89' lang='lat' dir='ltr'><strong>composita</strong></span> <span class='ocrx_word' id='word_1_41' title='bbox 2052 724 2171 767; x_wconf 89' lang='lat' dir='ltr'><strong>non</strong></span> <span class='ocrx_word' id='word_1_42' title='bbox 2225 707 2380 766; x_wconf 85' lang='lat' dir='ltr'><strong>ideo</strong></span> <span class='ocrx_word' id='word_1_43' title='bbox 2474 769 2475 790; x_wconf 17' lang='grc' dir='ltr'>ἶ</span> 
     </span>
     <span class='ocr_line' id='line_1_7' title="bbox 369 791 2378 872; baseline -0.005 -12"><span class='ocrx_word' id='word_1_44' title='bbox 369 801 576 860; x_wconf 88' lang='lat' dir='ltr'><strong>laetum</strong></span> <span class='ocrx_word' id='word_1_45' title='bbox 612 791 1019 859; x_wconf 88' lang='lat' dir='ltr'><strong>Germanicum</strong></span> <span class='ocrx_word' id='word_1_46' title='bbox 1076 795 1367 854; x_wconf 89' lang='lat' dir='ltr'><strong>habebant</strong></span> <span class='ocrx_word' id='word_1_47' title='bbox 1427 794 1502 854; x_wconf 92' lang='lat' dir='ltr'><strong>ob</strong></span> <span class='ocrx_word' id='word_1_48' title='bbox 1567 793 1893 872; x_wconf 84' lang='lat' dir='ltr'><strong>superbiam</strong></span> <span class='ocrx_word' id='word_1_49' title='bbox 1945 793 2204 866; x_wconf 89' lang='lat' dir='ltr'><strong>Pisonis,</strong></span> <span class='ocrx_word' id='word_1_50' title='bbox 2263 794 2378 869; x_wconf 78' lang='lat' dir='ltr'><strong>qui</strong></span> 
     </span>
     <span class='ocr_line' id='line_1_8' title="bbox 368 874 2376 962; baseline -0.005 -19"><span class='ocrx_word' id='word_1_51' title='bbox 368 887 556 946; x_wconf 87' lang='lat' dir='ltr'><strong>iussus</strong></span> <span class='ocrx_word' id='word_1_52' title='bbox 590 892 811 962; x_wconf 90' lang='lat' dir='ltr'><strong>partem</strong></span> <span class='ocrx_word' id='word_1_53' title='bbox 855 880 1193 956; x_wconf 84' lang='lat' dir='ltr'><strong>legionum</strong></span> <span class='ocrx_word' id='word_1_54' title='bbox 1176 897 1304 957; x_wconf 80' lang='lat' dir='ltr'><strong>lpse</strong></span> <span class='ocrx_word' id='word_1_55' title='bbox 1337 887 1432 938; x_wconf 90' lang='lat' dir='ltr'><strong>aut</strong></span> <span class='ocrx_word' id='word_1_56' title='bbox 1469 897 1578 957; x_wconf 87' lang='lat' dir='ltr'><strong>per</strong></span> <span class='ocrx_word' id='word_1_57' title='bbox 1605 877 1778 938; x_wconf 89' lang='lat' dir='ltr'><strong>filium</strong></span> <span class='ocrx_word' id='word_1_58' title='bbox 1812 879 1889 936; x_wconf 89' lang='lat' dir='ltr'><strong>in</strong></span> <span class='ocrx_word' id='word_1_59' title='bbox 1884 876 2227 936; x_wconf 83' lang='lat' dir='ltr'><strong>Armeniam</strong></span> <span class='ocrx_word' id='word_1_60' title='bbox 2259 874 2376 933; x_wconf 83' lang='lat' dir='ltr'><strong>du-</strong></span> 
     </span>
     <span class='ocr_line' id='line_1_9' title="bbox 368 958 2376 1044; baseline -0.005 -17"><span class='ocrx_word' id='word_1_61' title='bbox 368 986 503 1027; x_wconf 87' lang='lat' dir='ltr'><strong>cere</strong></span> <span class='ocrx_word' id='word_1_62' title='bbox 552 976 847 1044; x_wconf 87' lang='lat' dir='ltr'><strong>utrumque</strong></span> <span class='ocrx_word' id='word_1_63' title='bbox 886 963 1247 1040; x_wconf 81' lang='lat' dir='ltr'><strong>neglexerat.</strong></span> <span class='ocrx_word' id='word_1_64' title='bbox 1323 961 1490 1036; x_wconf 72' lang='lat' dir='ltr'><strong>Cyrri</strong></span> <span class='ocrx_word' id='word_1_65' title='bbox 1531 961 1752 1023; x_wconf 88' lang='lat' dir='ltr'><strong>demum</strong></span> <span class='ocrx_word' id='word_1_66' title='bbox 1779 961 1948 1040; x_wconf 88' lang='lat' dir='ltr'><strong>apud</strong></span> <span class='ocrx_word' id='word_1_67' title='bbox 1981 958 2221 1018; x_wconf 87' lang='lat' dir='ltr'><strong>hiberna</strong></span> <span class='ocrx_word' id='word_1_68' title='bbox 2263 959 2376 1018; x_wconf 89' lang='lat' dir='ltr'><strong>de-</strong></span> 
     </span>
    </p>

    <p class='ocr_par' dir='ltr' id='par_1_5' title="bbox 318 1023 2475 1460">
     <span class='ocr_line' id='line_1_10' title="bbox 318 1023 2475 1126; baseline -0.004 -14"><span class='ocrx_word' id='word_1_69' title='bbox 318 1081 344 1120; x_wconf 85' lang='lat'>5</span> <span class='ocrx_word' id='word_1_70' title='bbox 368 1069 563 1112; x_wconf 89' lang='lat' dir='ltr'><strong>cumae</strong></span> <span class='ocrx_word' id='word_1_71' title='bbox 606 1050 857 1126; x_wconf 86' lang='lat' dir='ltr'><strong>legionis</strong></span> <span class='ocrx_word' id='word_1_72' title='bbox 888 1064 1247 1124; x_wconf 80' lang='lat' dir='ltr'><strong>convenere,</strong></span> <span class='ocrx_word' id='word_1_73' title='bbox 1281 1047 1502 1105; x_wconf 84' lang='lat' dir='ltr'><strong>firmato</strong></span> <span class='ocrx_word' id='word_1_74' title='bbox 1535 1045 1728 1122; x_wconf 83' lang='lat' dir='ltr'><strong>vultu,</strong></span> <span class='ocrx_word' id='word_1_75' title='bbox 1766 1023 1900 1104; x_wconf 89' lang='lat' dir='ltr'><strong>Piso</strong></span> <span class='ocrx_word' id='word_1_76' title='bbox 1931 1044 2212 1104; x_wconf 82' lang='lat' dir='ltr'><strong>advers-us</strong></span> <span class='ocrx_word' id='word_1_77' title='bbox 2244 1061 2376 1102; x_wconf 76' lang='lat' dir='ltr'><strong>me·</strong></span> <span class='ocrx_word' id='word_1_78' title='bbox 2474 1083 2475 1104; x_wconf 37' lang='grc' dir='ltr'><strong>ι</strong></span> 
     </span>
     <span class='ocr_line' id='line_1_11' title="bbox 364 1127 2475 1211; baseline -0.005 -17"><span class='ocrx_word' id='word_1_79' title='bbox 364 1145 512 1211; x_wconf 88' lang='lat' dir='ltr'><strong>tum,</strong></span> <span class='ocrx_word' id='word_1_80' title='bbox 557 1132 958 1208; x_wconf 85' lang='lat' dir='ltr'><strong>Germanicus,</strong></span> <span class='ocrx_word' id='word_1_81' title='bbox 1001 1149 1074 1189; x_wconf 91' lang='lat' dir='ltr'><strong>ne</strong></span> <span class='ocrx_word' id='word_1_82' title='bbox 1119 1131 1320 1190; x_wconf 89' lang='lat' dir='ltr'><strong>minari</strong></span> <span class='ocrx_word' id='word_1_83' title='bbox 1365 1129 1728 1199; x_wconf 84' lang='lat' dir='ltr'><strong>crederetur,</strong></span> <span class='ocrx_word' id='word_1_84' title='bbox 1771 1137 1828 1188; x_wconf 88' lang='lat' dir='ltr'><strong>et</strong></span> <span class='ocrx_word' id='word_1_85' title='bbox 1856 1137 2012 1204; x_wconf 88' lang='lat' dir='ltr'><strong>erat,</strong></span> <span class='ocrx_word' id='word_1_86' title='bbox 2056 1135 2116 1184; x_wconf 87' lang='lat' dir='ltr'><strong>ut</strong></span> <span class='ocrx_word' id='word_1_87' title='bbox 2145 1127 2374 1202; x_wconf 87' lang='lat' dir='ltr'><strong>rettuli,</strong></span> <span class='ocrx_word' id='word_1_88' title='bbox 2474 1167 2475 1190; x_wconf 25' lang='grc' dir='ltr'>ι</span> 
     </span>
     <span class='ocr_line' id='line_1_12' title="bbox 303 1210 2475 1289; baseline -0.005 -10.671"><span class='ocrx_word' id='word_1_89' title='bbox 303 1219 723 1289; x_wconf 87' lang='lat' dir='ltr'><strong>clementior.</strong></span> <span class='ocrx_word' id='word_1_90' title='bbox 758 1266 763 1270; x_wconf 94' lang='lat'><strong>.</strong></span> <span class='ocrx_word' id='word_1_91' title='bbox 806 1215 911 1275; x_wconf 89' lang='lat' dir='ltr'><strong>sed</strong></span> <span class='ocrx_word' id='word_1_92' title='bbox 953 1216 1115 1274; x_wconf 85' lang='lat' dir='ltr'><strong>amic-i</strong></span> <span class='ocrx_word' id='word_1_93' title='bbox 1156 1213 1541 1274; x_wconf 83' lang='lat' dir='ltr'><strong>accendendis</strong></span> <span class='ocrx_word' id='word_1_94' title='bbox 1583 1212 2001 1273; x_wconf 83' lang='lat' dir='ltr'><strong>offensionibus</strong></span> <span class='ocrx_word' id='word_1_95' title='bbox 2045 1210 2240 1273; x_wconf 85' lang='lat' dir='ltr'><strong>callidi</strong></span> <span class='ocrx_word' id='word_1_96' title='bbox 2283 1212 2372 1268; x_wconf 88' lang='lat' dir='ltr'><strong>in-</strong></span> <span class='ocrx_word' id='word_1_97' title='bbox 2474 1259 2475 1276; x_wconf 35' lang='lat'>2</span> 
     </span>
     <span class='ocr_line' id='line_1_13' title="bbox 363 1294 2475 1376; baseline -0.004 -16"><span class='ocrx_word' id='word_1_98' title='bbox 363 1300 604 1360; x_wconf 78' lang='lat' dir='ltr'><strong>tendere</strong></span> <span class='ocrx_word' id='word_1_99' title='bbox 638 1318 807 1375; x_wconf 84' lang='lat' dir='ltr'><strong>vera,</strong></span> <span class='ocrx_word' id='word_1_100' title='bbox 839 1299 1123 1374; x_wconf 82' lang='lat' dir='ltr'><strong>adgerere</strong></span> <span class='ocrx_word' id='word_1_101' title='bbox 1155 1298 1303 1358; x_wconf 88' lang='lat' dir='ltr'><strong>falsa</strong></span> <span class='ocrx_word' id='word_1_102' title='bbox 1333 1300 1634 1376; x_wconf 86' lang='lat' dir='ltr'><strong>ipsumque</strong></span> <span class='ocrx_word' id='word_1_103' title='bbox 1666 1305 1724 1356; x_wconf 88' lang='lat' dir='ltr'><strong>et</strong></span> <span class='ocrx_word' id='word_1_104' title='bbox 1759 1295 2086 1355; x_wconf 83' lang='lat' dir='ltr'><strong>Plancinam</strong></span> <span class='ocrx_word' id='word_1_105' title='bbox 2119 1303 2180 1352; x_wconf 90' lang='lat' dir='ltr'><strong>et</strong></span> <span class='ocrx_word' id='word_1_106' title='bbox 2205 1294 2372 1353; x_wconf 83' lang='lat' dir='ltr'><strong>filios</strong></span> <span class='ocrx_word' id='word_1_107' title='bbox 2474 1305 2475 1308; x_wconf 74' lang='grc'>’</span> 
     </span>
     <span class='ocr_line' id='line_1_14' title="bbox 365 1377 2475 1460; baseline -0.003 -18"><span class='ocrx_word' id='word_1_108' title='bbox 365 1385 539 1442; x_wconf 84' lang='lat' dir='ltr'><strong>variis</strong></span> <span class='ocrx_word' id='word_1_109' title='bbox 584 1382 769 1444; x_wconf 89' lang='lat' dir='ltr'><strong>modis</strong></span> <span class='ocrx_word' id='word_1_110' title='bbox 825 1382 1127 1441; x_wconf 89' lang='lat' dir='ltr'><strong>criminari.</strong></span> <span class='ocrx_word' id='word_1_111' title='bbox 1210 1391 1506 1460; x_wconf 78' lang='lat' dir='ltr'><strong>postremo</strong></span> <span class='ocrx_word' id='word_1_112' title='bbox 1597 1381 1756 1440; x_wconf 89' lang='lat' dir='ltr'><strong>aucis</strong></span> <span class='ocrx_word' id='word_1_113' title='bbox 1798 1379 2158 1442; x_wconf 86' lang='lat' dir='ltr'><strong>familiarium</strong></span> <span class='ocrx_word' id='word_1_114' title='bbox 2203 1377 2367 1436; x_wconf 86' lang='lat' dir='ltr'><strong>adhi-</strong></span> <span class='ocrx_word' id='word_1_115' title='bbox 2474 1445 2475 1450; x_wconf 8' lang='grc' dir='ltr'>η</span> 
     </span>
    </p>

    <p class='ocr_par' dir='ltr' id='par_1_6' title="bbox 299 1439 2475 1626">
     <span class='ocr_line' id='line_1_15' title="bbox 299 1439 2475 1542; baseline -0.002 -18"><span class='ocrx_word' id='word_1_116' title='bbox 299 1495 349 1535; x_wconf 71' lang='grc' dir='ltr'>ω</span> <span class='ocrx_word' id='word_1_117' title='bbox 364 1466 497 1526; x_wconf 80' lang='lat' dir='ltr'><strong>bitis</strong></span> <span class='ocrx_word' id='word_1_118' title='bbox 540 1482 733 1523; x_wconf 89' lang='lat' dir='ltr'><strong>sermo</strong></span> <span class='ocrx_word' id='word_1_119' title='bbox 778 1474 1020 1542; x_wconf 87' lang='lat' dir='ltr'><strong>coeptus</strong></span> <span class='ocrx_word' id='word_1_120' title='bbox 1066 1483 1100 1523; x_wconf 88' lang='lat' dir='ltr'><strong>a</strong></span> <span class='ocrx_word' id='word_1_121' title='bbox 1142 1439 1426 1541; x_wconf 79' lang='lat' dir='ltr'><strong>Caesare,</strong></span> <span class='ocrx_word' id='word_1_122' title='bbox 1557 1464 1705 1523; x_wconf 89' lang='lat' dir='ltr'><strong>alem</strong></span> <span class='ocrx_word' id='word_1_123' title='bbox 1744 1465 1828 1522; x_wconf 91' lang='lat' dir='ltr'><strong>ira</strong></span> <span class='ocrx_word' id='word_1_124' title='bbox 1869 1472 1928 1522; x_wconf 87' lang='lat' dir='ltr'><strong>et</strong></span> <span class='ocrx_word' id='word_1_125' title='bbox 1983 1461 2370 1520; x_wconf 79' lang='lat' dir='ltr'><strong>dissimulatio</strong></span> <span class='ocrx_word' id='word_1_126' title='bbox 2474 1457 2475 1462; x_wconf 68' lang='grc'>’</span> 
     </span>
     <span class='ocr_line' id='line_1_16' title="bbox 364 1543 2475 1626; baseline -0.001 -20"><span class='ocrx_word' id='word_1_127' title='bbox 364 1543 581 1626; x_wconf 80' lang='lat' dir='ltr'><strong>gignit,</strong></span> <span class='ocrx_word' id='word_1_128' title='bbox 624 1565 967 1626; x_wconf 89' lang='lat' dir='ltr'><strong>responsum</strong></span> <span class='ocrx_word' id='word_1_129' title='bbox 1000 1565 1032 1606; x_wconf 91' lang='lat' dir='ltr'><strong>a</strong></span> <span class='ocrx_word' id='word_1_130' title='bbox 1067 1545 1279 1606; x_wconf 87' lang='lat' dir='ltr'><strong>Pisone</strong></span> <span class='ocrx_word' id='word_1_131' title='bbox 1322 1547 1594 1626; x_wconf 89' lang='lat' dir='ltr'><strong>precibus</strong></span> <span class='ocrx_word' id='word_1_132' title='bbox 1639 1546 2098 1615; x_wconf 89' lang='lat' dir='ltr'><strong>contumacibns;</strong></span> <span class='ocrx_word' id='word_1_133' title='bbox 2141 1545 2373 1606; x_wconf 88' lang='lat' dir='ltr'><strong>disces·</strong></span> <span class='ocrx_word' id='word_1_134' title='bbox 2474 1605 2475 1612; x_wconf 9' lang='grc' dir='ltr'><strong>ἶ</strong></span> 
     </span>
    </p>

    <p class='ocr_par' dir='ltr' id='par_1_7' title="bbox 254 1627 2475 1876">
     <span class='ocr_line' id='line_1_17' title="bbox 254 1627 2376 1709; baseline -0.002 -18"><span class='ocrx_word' id='word_1_135' title='bbox 254 1627 258 1643; x_wconf 87' lang='grc'><strong>’</strong></span> <span class='ocrx_word' id='word_1_136' title='bbox 366 1641 678 1709; x_wconf 88' lang='lat' dir='ltr'><strong>seruntque</strong></span> <span class='ocrx_word' id='word_1_137' title='bbox 709 1633 923 1709; x_wconf 89' lang='lat' dir='ltr'><strong>apertis</strong></span> <span class='ocrx_word' id='word_1_138' title='bbox 952 1629 1117 1689; x_wconf 90' lang='lat' dir='ltr'><strong>odiis.</strong></span> <span class='ocrx_word' id='word_1_139' title='bbox 1150 1641 1304 1708; x_wconf 89' lang='lat' dir='ltr'><strong>post</strong></span> <span class='ocrx_word' id='word_1_140' title='bbox 1333 1649 1480 1708; x_wconf 89' lang='lat' dir='ltr'><strong>quae</strong></span> <span class='ocrx_word' id='word_1_141' title='bbox 1513 1649 1676 1691; x_wconf 91' lang='lat' dir='ltr'><strong>rarus</strong></span> <span class='ocrx_word' id='word_1_142' title='bbox 1707 1633 1766 1690; x_wconf 88' lang='lat' dir='ltr'><strong>in</strong></span> <span class='ocrx_word' id='word_1_143' title='bbox 1793 1630 2059 1690; x_wconf 88' lang='lat' dir='ltr'><strong>tribunali</strong></span> <span class='ocrx_word' id='word_1_144' title='bbox 2085 1627 2376 1690; x_wconf 85' lang='lat' dir='ltr'><strong>Caesaris</strong></span> 
     </span>
     <span class='ocr_line' id='line_1_18' title="bbox 363 1697 2475 1792; baseline -0.001 -18"><span class='ocrx_word' id='word_1_145' title='bbox 363 1717 531 1792; x_wconf 88' lang='lat' dir='ltr'><strong>Piso,</strong></span> <span class='ocrx_word' id='word_1_146' title='bbox 574 1724 632 1773; x_wconf 91' lang='lat' dir='ltr'><strong>et</strong></span> <span class='ocrx_word' id='word_1_147' title='bbox 663 1716 709 1784; x_wconf 84' lang='lat' dir='ltr'><strong>si</strong></span> <span class='ocrx_word' id='word_1_148' title='bbox 742 1714 965 1792; x_wconf 87' lang='lat' dir='ltr'><strong>quando</strong></span> <span class='ocrx_word' id='word_1_149' title='bbox 1004 1697 1318 1790; x_wconf 82' lang='lat' dir='ltr'><strong>adsideret,</strong></span> <span class='ocrx_word' id='word_1_150' title='bbox 1366 1722 1534 1774; x_wconf 86' lang='lat' dir='ltr'><strong>atrox</strong></span> <span class='ocrx_word' id='word_1_151' title='bbox 1565 1732 1636 1774; x_wconf 87' lang='lat' dir='ltr'><strong>ac</strong></span> <span class='ocrx_word' id='word_1_152' title='bbox 1665 1714 1970 1774; x_wconf 83' lang='lat' dir='ltr'><strong>dissentire</strong></span> <span class='ocrx_word' id='word_1_153' title='bbox 2001 1713 2374 1773; x_wconf 83' lang='lat' dir='ltr'><strong>manifestus.</strong></span> <span class='ocrx_word' id='word_1_154' title='bbox 2474 1711 2475 1746; x_wconf 70' lang='lat'>³</span> 
     </span>
     <span class='ocr_line' id='line_1_19' title="bbox 362 1795 2475 1876; baseline -0.001 -18"><span class='ocrx_word' id='word_1_155' title='bbox 362 1817 482 1858; x_wconf 80' lang='lat' dir='ltr'><strong>vox</strong></span> <span class='ocrx_word' id='word_1_156' title='bbox 524 1816 753 1876; x_wconf 88' lang='lat' dir='ltr'><strong>quoque</strong></span> <span class='ocrx_word' id='word_1_157' title='bbox 798 1799 919 1858; x_wconf 90' lang='lat' dir='ltr'><strong>eius</strong></span> <span class='ocrx_word' id='word_1_158' title='bbox 965 1797 1149 1857; x_wconf 87' lang='lat' dir='ltr'><strong>audita</strong></span> <span class='ocrx_word' id='word_1_159' title='bbox 1192 1807 1284 1857; x_wconf 87' lang='lat' dir='ltr'><strong>est</strong></span> <span class='ocrx_word' id='word_1_160' title='bbox 1323 1799 1378 1856; x_wconf 89' lang='lat' dir='ltr'><strong>in</strong></span> <span class='ocrx_word' id='word_1_161' title='bbox 1423 1801 1722 1876; x_wconf 79' lang='lat' dir='ltr'><strong>convivio,</strong></span> <span class='ocrx_word' id='word_1_162' title='bbox 1779 1815 1906 1857; x_wconf 90' lang='lat' dir='ltr'><strong>cum</strong></span> <span class='ocrx_word' id='word_1_163' title='bbox 1956 1795 2105 1876; x_wconf 87' lang='lat' dir='ltr'><strong>apud</strong></span> <span class='ocrx_word' id='word_1_164' title='bbox 2157 1799 2375 1874; x_wconf 81' lang='lat' dir='ltr'><strong>reg&#39;em</strong></span> <span class='ocrx_word' id='word_1_165' title='bbox 2474 1817 2475 1832; x_wconf 54' lang='lat'>2</span> 
     </span>
    </p>

    <p class='ocr_par' dir='ltr' id='par_1_8' title="bbox 298 1879 2382 2295">
     <span class='ocr_line' id='line_1_20' title="bbox 298 1879 2382 1967; baseline -0.002 -22"><span class='ocrx_word' id='word_1_166' title='bbox 298 1881 786 1945; x_wconf 80' lang='lat' dir='ltr'><strong>15Nabataeorum</strong></span> <span class='ocrx_word' id='word_1_167' title='bbox 848 1899 1101 1942; x_wconf 88' lang='lat' dir='ltr'><strong>coronae</strong></span> <span class='ocrx_word' id='word_1_168' title='bbox 1158 1899 1370 1941; x_wconf 90' lang='lat' dir='ltr'><strong>aureae</strong></span> <span class='ocrx_word' id='word_1_169' title='bbox 1421 1899 1632 1967; x_wconf 84' lang='lat' dir='ltr'><strong>magno</strong></span> <span class='ocrx_word' id='word_1_170' title='bbox 1689 1880 1950 1960; x_wconf 87' lang='lat' dir='ltr'><strong>pondere</strong></span> <span class='ocrx_word' id='word_1_171' title='bbox 1995 1879 2283 1940; x_wconf 86' lang='lat' dir='ltr'><strong>Caesari</strong></span> <span class='ocrx_word' id='word_1_172' title='bbox 2313 1891 2382 1940; x_wconf 85' lang='lat' dir='ltr'><strong>et</strong></span> 
     </span>
     <span class='ocr_line' id='line_1_21' title="bbox 365 1959 2375 2046; baseline -0.001 -19"><span class='ocrx_word' id='word_1_173' title='bbox 365 1966 755 2046; x_wconf 83' lang='lat' dir='ltr'><strong>Agrippinae,</strong></span> <span class='ocrx_word' id='word_1_174' title='bbox 793 1966 957 2027; x_wconf 86' lang='lat' dir='ltr'><strong>leves</strong></span> <span class='ocrx_word' id='word_1_175' title='bbox 980 1966 1172 2027; x_wconf 89' lang='lat' dir='ltr'><strong>Pisoni</strong></span> <span class='ocrx_word' id='word_1_176' title='bbox 1206 1973 1265 2025; x_wconf 90' lang='lat' dir='ltr'><strong>et</strong></span> <span class='ocrx_word' id='word_1_177' title='bbox 1289 1965 1500 2025; x_wconf 88' lang='lat' dir='ltr'><strong>ceteris</strong></span> <span class='ocrx_word' id='word_1_178' title='bbox 1525 1959 1902 2044; x_wconf 81' lang='lat' dir='ltr'><strong>offerrentur,</strong></span> <span class='ocrx_word' id='word_1_179' title='bbox 1940 1966 2222 2045; x_wconf 89' lang='lat' dir='ltr'><strong>principis</strong></span> <span class='ocrx_word' id='word_1_180' title='bbox 2244 1965 2375 2025; x_wconf 90' lang='lat' dir='ltr'><strong>Ro-</strong></span> 
     </span>
     <span class='ocr_line' id='line_1_22' title="bbox 362 2033 2376 2129; baseline -0.001 -18"><span class='ocrx_word' id='word_1_181' title='bbox 362 2053 540 2129; x_wconf 89' lang='lat' dir='ltr'><strong>mani,</strong></span> <span class='ocrx_word' id='word_1_182' title='bbox 583 2069 698 2110; x_wconf 95' lang='lat' dir='ltr'><strong>non</strong></span> <span class='ocrx_word' id='word_1_183' title='bbox 724 2051 925 2110; x_wconf 85' lang='lat' dir='ltr'><strong>Parthi</strong></span> <span class='ocrx_word' id='word_1_184' title='bbox 944 2052 1105 2127; x_wconf 86' lang='lat' dir='ltr'><strong>regis</strong></span> <span class='ocrx_word' id='word_1_185' title='bbox 1137 2033 1257 2109; x_wconf 86' lang='lat' dir='ltr'><strong>filio</strong></span> <span class='ocrx_word' id='word_1_186' title='bbox 1289 2066 1389 2109; x_wconf 87' lang='lat' dir='ltr'><strong>eas</strong></span> <span class='ocrx_word' id='word_1_187' title='bbox 1416 2049 1619 2127; x_wconf 88' lang='lat' dir='ltr'><strong>epulas</strong></span> <span class='ocrx_word' id='word_1_188' title='bbox 1649 2049 1798 2119; x_wconf 90' lang='lat' dir='ltr'><strong>dari;</strong></span> <span class='ocrx_word' id='word_1_189' title='bbox 1835 2050 2160 2127; x_wconf 89' lang='lat' dir='ltr'><strong>abiecitque</strong></span> <span class='ocrx_word' id='word_1_190' title='bbox 2195 2050 2376 2108; x_wconf 88' lang='lat' dir='ltr'><strong>simul</strong></span> 
     </span>
     <span class='ocr_line' id='line_1_23' title="bbox 365 2132 2376 2211; baseline -0.001 -17"><span class='ocrx_word' id='word_1_191' title='bbox 365 2152 636 2194; x_wconf 89' lang='lat' dir='ltr'><strong>coronam</strong></span> <span class='ocrx_word' id='word_1_192' title='bbox 685 2144 742 2193; x_wconf 91' lang='lat' dir='ltr'><strong>et</strong></span> <span class='ocrx_word' id='word_1_193' title='bbox 779 2133 951 2194; x_wconf 90' lang='lat' dir='ltr'><strong>multa</strong></span> <span class='ocrx_word' id='word_1_194' title='bbox 992 2135 1048 2193; x_wconf 90' lang='lat' dir='ltr'><strong>in</strong></span> <span class='ocrx_word' id='word_1_195' title='bbox 1089 2134 1280 2194; x_wconf 86' lang='lat' dir='ltr'><strong>luxum</strong></span> <span class='ocrx_word' id='word_1_196' title='bbox 1325 2132 1566 2209; x_wconf 83' lang='lat' dir='ltr'><strong>addidit,</strong></span> <span class='ocrx_word' id='word_1_197' title='bbox 1616 2152 1762 2211; x_wconf 91' lang='lat' dir='ltr'><strong>quae</strong></span> <span class='ocrx_word' id='word_1_198' title='bbox 1794 2133 2131 2194; x_wconf 89' lang='lat' dir='ltr'><strong>Germanico</strong></span> <span class='ocrx_word' id='word_1_199' title='bbox 2165 2150 2376 2211; x_wconf 87' lang='lat' dir='ltr'><strong>quam-</strong></span> 
     </span>
     <span class='ocr_line' id='line_1_24' title="bbox 364 2216 1432 2295; baseline 0.001 -20"><span class='ocrx_word' id='word_1_200' title='bbox 364 2235 531 2295; x_wconf 89' lang='lat' dir='ltr'><strong>quam</strong></span> <span class='ocrx_word' id='word_1_201' title='bbox 562 2216 774 2277; x_wconf 89' lang='lat' dir='ltr'><strong>acerba</strong></span> <span class='ocrx_word' id='word_1_202' title='bbox 801 2217 1193 2277; x_wconf 89' lang='lat' dir='ltr'><strong>tolerabantur</strong></span> <span class='ocrx_word' id='word_1_203' title='bbox 1220 2227 1432 2277; x_wconf 89' lang='lat' dir='ltr'><strong>tamen.</strong></span> 
     </span>
    </p>

    <p class='ocr_par' dir='ltr' id='par_1_9' title="bbox 398 2298 2372 2379">
     <span class='ocr_line' id='line_1_25' title="bbox 398 2298 2372 2379; baseline 0 -20"><span class='ocrx_word' id='word_1_204' title='bbox 398 2354 403 2359; x_wconf 81' lang='grc'><em>.</em></span> <span class='ocrx_word' id='word_1_205' title='bbox 494 2298 594 2359; x_wconf 88' lang='grc'><strong>58.</strong></span> <span class='ocrx_word' id='word_1_206' title='bbox 639 2298 797 2359; x_wconf 85' lang='lat' dir='ltr'><strong>lnter</strong></span> <span class='ocrx_word' id='word_1_207' title='bbox 836 2318 983 2378; x_wconf 87' lang='lat' dir='ltr'><strong>quae</strong></span> <span class='ocrx_word' id='word_1_208' title='bbox 1022 2301 1093 2361; x_wconf 90' lang='lat' dir='ltr'><strong>ab</strong></span> <span class='ocrx_word' id='word_1_209' title='bbox 1138 2320 1286 2379; x_wconf 86' lang='lat' dir='ltr'><strong>rege</strong></span> <span class='ocrx_word' id='word_1_210' title='bbox 1319 2301 1658 2361; x_wconf 87' lang='lat' dir='ltr'><strong>Parthorum</strong></span> <span class='ocrx_word' id='word_1_211' title='bbox 1699 2300 1994 2361; x_wconf 86' lang='lat' dir='ltr'><strong>Artabano</strong></span> <span class='ocrx_word' id='word_1_212' title='bbox 2039 2300 2217 2377; x_wconf 85' lang='lat' dir='ltr'><strong>legati</strong></span> <span class='ocrx_word' id='word_1_213' title='bbox 2259 2320 2372 2359; x_wconf 84' lang='lat' dir='ltr'><strong>ve-</strong></span> 
     </span>
    </p>

    <p class='ocr_par' dir='ltr' id='par_1_10' title="bbox 360 2384 2475 2635">
     <span class='ocr_line' id='line_1_26' title="bbox 362 2384 2475 2480; baseline 0 -39"><span class='ocrx_word' id='word_1_214' title='bbox 362 2400 522 2442; x_wconf 87' lang='lat' dir='ltr'><strong>nere.</strong></span> <span class='ocrx_word' id='word_1_215' title='bbox 591 2384 825 2443; x_wconf 84' lang='lat' dir='ltr'><strong>miserat</strong></span> <span class='ocrx_word' id='word_1_216' title='bbox 868 2386 1167 2461; x_wconf 86' lang='lat' dir='ltr'><strong>amicitiam</strong></span> <span class='ocrx_word' id='word_1_217' title='bbox 1209 2403 1280 2445; x_wconf 88' lang='lat' dir='ltr'><strong>ac</strong></span> <span class='ocrx_word' id='word_1_218' title='bbox 1317 2384 1524 2444; x_wconf 86' lang='lat' dir='ltr'><strong>foedus</strong></span> <span class='ocrx_word' id='word_1_219' title='bbox 1553 2394 2002 2461; x_wconf 82' lang='lat' dir='ltr'><strong>memoraturos,</strong></span> <span class='ocrx_word' id='word_1_220' title='bbox 2047 2392 2106 2443; x_wconf 90' lang='lat' dir='ltr'><strong>et</strong></span> <span class='ocrx_word' id='word_1_221' title='bbox 2141 2402 2392 2480; x_wconf 81' lang='lat' dir='ltr'><strong>cupere.</strong></span> <span class='ocrx_word' id='word_1_222' title='bbox 2474 2400 2475 2435; x_wconf 52' lang='grc' dir='ltr'><strong>ὲ</strong></span> 
     </span>
     <span class='ocr_line' id='line_1_27' title="bbox 360 2463 2475 2545; baseline 0 -20"><span class='ocrx_word' id='word_1_223' title='bbox 360 2468 633 2526; x_wconf 85' lang='lat' dir='ltr'><strong>renovari</strong></span> <span class='ocrx_word' id='word_1_224' title='bbox 686 2463 951 2545; x_wconf 87' lang='lat' dir='ltr'><strong>dextras,</strong></span> <span class='ocrx_word' id='word_1_225' title='bbox 1015 2468 1388 2545; x_wconf 84' lang='lat' dir='ltr'><strong>daturumque</strong></span> <span class='ocrx_word' id='word_1_226' title='bbox 1445 2467 1654 2529; x_wconf 88' lang='lat' dir='ltr'><strong>honori</strong></span> <span class='ocrx_word' id='word_1_227' title='bbox 1695 2468 2017 2529; x_wconf 82' lang='lat' dir='ltr'><strong>Germanici</strong></span> <span class='ocrx_word' id='word_1_228' title='bbox 2076 2477 2136 2527; x_wconf 90' lang='lat' dir='ltr'><strong>ut</strong></span> <span class='ocrx_word' id='word_1_229' title='bbox 2169 2469 2368 2544; x_wconf 88' lang='lat' dir='ltr'><strong>ripam</strong></span> <span class='ocrx_word' id='word_1_230' title='bbox 2474 2466 2475 2509; x_wconf 53' lang='lat' dir='ltr'><strong>l</strong></span> 
     </span>
     <span class='ocr_line' id='line_1_28' title="bbox 360 2545 2475 2635; baseline 0.001 -26"><span class='ocrx_word' id='word_1_231' title='bbox 360 2550 670 2627; x_wconf 86' lang='lat' dir='ltr'><strong>Euphratis</strong></span> <span class='ocrx_word' id='word_1_232' title='bbox 723 2551 1061 2612; x_wconf 87' lang='lat' dir='ltr'><strong>accederet:</strong></span> <span class='ocrx_word' id='word_1_233' title='bbox 1120 2562 1324 2630; x_wconf 89' lang='lat' dir='ltr'><strong>petere</strong></span> <span class='ocrx_word' id='word_1_234' title='bbox 1383 2552 1606 2621; x_wconf 84' lang='lat' dir='ltr'><strong>interim</strong></span> <span class='ocrx_word' id='word_1_235' title='bbox 1645 2571 1720 2612; x_wconf 90' lang='lat' dir='ltr'><strong>ne</strong></span> <span class='ocrx_word' id='word_1_236' title='bbox 1766 2545 2044 2613; x_wconf 83' lang='lat' dir='ltr'><strong>Vonones</strong></span> <span class='ocrx_word' id='word_1_237' title='bbox 2095 2554 2151 2610; x_wconf 90' lang='lat' dir='ltr'><strong>in</strong></span> <span class='ocrx_word' id='word_1_238' title='bbox 2191 2552 2369 2611; x_wconf 83' lang='lat' dir='ltr'><strong>Suria</strong></span> <span class='ocrx_word' id='word_1_239' title='bbox 2474 2546 2475 2635; x_wconf 54' lang='grc' dir='ltr'>ᾗ</span> 
     </span>
    </p>

    <p class='ocr_par' dir='ltr' id='par_1_11' title="bbox 318 2632 2475 3043">
     <span class='ocr_line' id='line_1_29' title="bbox 318 2632 2475 2715; baseline 0.002 -26"><span class='ocrx_word' id='word_1_240' title='bbox 318 2632 669 2693; x_wconf 70' lang='lat' dir='ltr'><strong>shaberetur</strong></span> <span class='ocrx_word' id='word_1_241' title='bbox 718 2653 831 2693; x_wconf 89' lang='lat' dir='ltr'><strong>neu</strong></span> <span class='ocrx_word' id='word_1_242' title='bbox 882 2652 1163 2713; x_wconf 88' lang='lat' dir='ltr'><strong>proceres</strong></span> <span class='ocrx_word' id='word_1_243' title='bbox 1204 2637 1458 2711; x_wconf 87' lang='lat' dir='ltr'><strong>gentium</strong></span> <span class='ocrx_word' id='word_1_244' title='bbox 1500 2637 1840 2715; x_wconf 83' lang='lat' dir='ltr'><strong>propinquis</strong></span> <span class='ocrx_word' id='word_1_245' title='bbox 1879 2637 2087 2696; x_wconf 86' lang='lat' dir='ltr'><strong>nuntiis</strong></span> <span class='ocrx_word' id='word_1_246' title='bbox 2129 2634 2201 2693; x_wconf 85' lang='lat' dir='ltr'><strong>ad</strong></span> <span class='ocrx_word' id='word_1_247' title='bbox 2245 2634 2372 2694; x_wconf 87' lang='lat' dir='ltr'><strong>dis-</strong></span> <span class='ocrx_word' id='word_1_248' title='bbox 2474 2636 2475 2679; x_wconf 61' lang='grc' dir='ltr'>ἒ</span> 
     </span>
     <span class='ocr_line' id='line_1_30' title="bbox 362 2716 2370 2779; baseline -0 -2"><span class='ocrx_word' id='word_1_249' title='bbox 362 2716 589 2777; x_wconf 90' lang='lat' dir='ltr'><strong>cordias</strong></span> <span class='ocrx_word' id='word_1_250' title='bbox 634 2718 905 2779; x_wconf 85' lang='lat' dir='ltr'><strong>traheret.</strong></span> <span class='ocrx_word' id='word_1_251' title='bbox 974 2718 1047 2779; x_wconf 90' lang='lat' dir='ltr'><strong>ad</strong></span> <span class='ocrx_word' id='word_1_252' title='bbox 1094 2736 1163 2779; x_wconf 92' lang='lat' dir='ltr'><strong>ea</strong></span> <span class='ocrx_word' id='word_1_253' title='bbox 1209 2718 1576 2779; x_wconf 87' lang='lat' dir='ltr'><strong>Germanicus</strong></span> <span class='ocrx_word' id='word_1_254' title='bbox 1629 2719 1700 2778; x_wconf 91' lang='lat' dir='ltr'><strong>de</strong></span> <span class='ocrx_word' id='word_1_255' title='bbox 1745 2722 2026 2779; x_wconf 89' lang='lat' dir='ltr'><strong>societate</strong></span> <span class='ocrx_word' id='word_1_256' title='bbox 2067 2720 2370 2778; x_wconf 88' lang='lat' dir='ltr'><strong>Romano-</strong></span> 
     </span>
     <span class='ocr_line' id='line_1_31' title="bbox 360 2802 2475 2881; baseline 0 -21"><span class='ocrx_word' id='word_1_257' title='bbox 360 2819 479 2860; x_wconf 87' lang='lat' dir='ltr'><strong>rum</strong></span> <span class='ocrx_word' id='word_1_258' title='bbox 510 2802 959 2881; x_wconf 89' lang='lat' dir='ltr'><strong>Parthorumque</strong></span> <span class='ocrx_word' id='word_1_259' title='bbox 994 2802 1331 2879; x_wconf 82' lang='lat' dir='ltr'><strong>magnifice,</strong></span> <span class='ocrx_word' id='word_1_260' title='bbox 1379 2802 1450 2861; x_wconf 92' lang='lat' dir='ltr'><strong>de</strong></span> <span class='ocrx_word' id='word_1_261' title='bbox 1494 2803 1740 2863; x_wconf 85' lang='lat' dir='ltr'><strong>adventu</strong></span> <span class='ocrx_word' id='word_1_262' title='bbox 1781 2805 1942 2881; x_wconf 86' lang='lat' dir='ltr'><strong>regis</strong></span> <span class='ocrx_word' id='word_1_263' title='bbox 1988 2812 2046 2861; x_wconf 91' lang='lat' dir='ltr'><strong>et</strong></span> <span class='ocrx_word' id='word_1_264' title='bbox 2082 2802 2240 2861; x_wconf 90' lang='lat' dir='ltr'><strong>cultu</strong></span> <span class='ocrx_word' id='word_1_265' title='bbox 2273 2805 2372 2861; x_wconf 86' lang='lat' dir='ltr'><strong>sui</strong></span> <span class='ocrx_word' id='word_1_266' title='bbox 2474 2820 2475 2839; x_wconf 62' lang='lat'>³</span> 
     </span>
     <span class='ocr_line' id='line_1_32' title="bbox 361 2884 2371 2965; baseline 0.001 -22"><span class='ocrx_word' id='word_1_267' title='bbox 361 2900 486 2943; x_wconf 89' lang='lat' dir='ltr'><strong>cum</strong></span> <span class='ocrx_word' id='word_1_268' title='bbox 535 2884 749 2945; x_wconf 89' lang='lat' dir='ltr'><strong>decore</strong></span> <span class='ocrx_word' id='word_1_269' title='bbox 790 2904 860 2945; x_wconf 88' lang='lat' dir='ltr'><strong>ac</strong></span> <span class='ocrx_word' id='word_1_270' title='bbox 901 2886 1181 2947; x_wconf 88' lang='lat' dir='ltr'><strong>modestia</strong></span> <span class='ocrx_word' id='word_1_271' title='bbox 1241 2886 1562 2965; x_wconf 88' lang='lat' dir='ltr'><strong>respondit.</strong></span> <span class='ocrx_word' id='word_1_272' title='bbox 1641 2889 1923 2948; x_wconf 89' lang='lat' dir='ltr'><strong>Vonones</strong></span> <span class='ocrx_word' id='word_1_273' title='bbox 1971 2886 2371 2965; x_wconf 88' lang='lat' dir='ltr'><strong>Pompeiopo-</strong></span> 
     </span>
     <span class='ocr_line' id='line_1_33' title="bbox 358 2964 2368 3032; baseline 0.001 -5"><span class='ocrx_word' id='word_1_274' title='bbox 358 2964 455 3028; x_wconf 88' lang='lat' dir='ltr'><strong>lim</strong></span> <span class='ocrx_word' id='word_1_275' title='bbox 487 2966 723 3028; x_wconf 86' lang='lat' dir='ltr'><strong>Ciliciae</strong></span> <span class='ocrx_word' id='word_1_276' title='bbox 753 2971 1084 3030; x_wconf 88' lang='lat' dir='ltr'><strong>maritimam</strong></span> <span class='ocrx_word' id='word_1_277' title='bbox 1112 2970 1313 3030; x_wconf 89' lang='lat' dir='ltr'><strong>urbem</strong></span> <span class='ocrx_word' id='word_1_278' title='bbox 1335 2981 1564 3031; x_wconf 82' lang='lat' dir='ltr'><strong>amotus</strong></span> <span class='ocrx_word' id='word_1_279' title='bbox 1593 2980 1700 3031; x_wconf 88' lang='lat' dir='ltr'><strong>est.</strong></span> <span class='ocrx_word' id='word_1_280' title='bbox 1753 2971 1941 3032; x_wconf 85' lang='lat' dir='ltr'><strong>datum</strong></span> <span class='ocrx_word' id='word_1_281' title='bbox 1964 2970 2021 3029; x_wconf 90' lang='lat' dir='ltr'><strong>id</strong></span> <span class='ocrx_word' id='word_1_282' title='bbox 2043 2988 2160 3030; x_wconf 90' lang='lat' dir='ltr'><strong>non</strong></span> <span class='ocrx_word' id='word_1_283' title='bbox 2179 2970 2368 3029; x_wconf 88' lang='lat' dir='ltr'><strong>modo</strong></span> 
     </span>
    </p>
   </div>
   <div class='ocr_carea' id='block_1_3' title="bbox 2462 439 2475 2465">
    <p class='ocr_par' dir='ltr' id='par_1_12' title="bbox 2462 439 2475 2465">
     <span class='ocr_line' id='line_1_34' title="bbox 2462 439 2475 2465; baseline 0 0"><span class='ocrx_word' id='word_1_284' title='bbox 2462 439 2475 2465; x_wconf 95' lang='lat' dir='ltr'><strong> </strong></span> 
     </span>
    </p>
   </div>
   <div class='ocr_carea' id='block_1_4' title="bbox 201 3052 2370 3131">
    <p class='ocr_par' dir='ltr' id='par_1_13' title="bbox 201 3052 2370 3131">
     <span class='ocr_line' id='line_1_35' title="bbox 201 3052 2370 3131; baseline 0.001 -20"><span class='ocrx_word' id='word_1_285' title='bbox 201 3070 208 3078; x_wconf 61' lang='lat'><strong><em>¹</em></strong></span> <span class='ocrx_word' id='word_1_286' title='bbox 290 3074 340 3113; x_wconf 87' lang='lat'><strong>10</strong></span> <span class='ocrx_word' id='word_1_287' title='bbox 358 3052 630 3130; x_wconf 83' lang='lat' dir='ltr'><strong>precibus</strong></span> <span class='ocrx_word' id='word_1_288' title='bbox 670 3052 947 3113; x_wconf 87' lang='lat' dir='ltr'><strong>Artabani</strong></span> <span class='ocrx_word' id='word_1_289' title='bbox 988 3054 1110 3114; x_wconf 87' lang='lat' dir='ltr'><strong>sed</strong></span> <span class='ocrx_word' id='word_1_290' title='bbox 1140 3055 1520 3115; x_wconf 89' lang='lat' dir='ltr'><strong>contumeliae</strong></span> <span class='ocrx_word' id='word_1_291' title='bbox 1553 3054 1814 3131; x_wconf 88' lang='lat' dir='ltr'><strong>Pisonis,</strong></span> <span class='ocrx_word' id='word_1_292' title='bbox 1855 3057 1946 3115; x_wconf 93' lang='lat' dir='ltr'><strong>cui</strong></span> <span class='ocrx_word' id='word_1_293' title='bbox 1995 3056 2370 3131; x_wconf 83' lang='lat' dir='ltr'><strong>gratissimus</strong></span> 
     </span>
    </p>
   </div>
   <div class='ocr_carea' id='block_1_5' title="bbox 340 3136 2367 3553">
    <p class='ocr_par' dir='ltr' id='par_1_14' title="bbox 340 3136 2367 3553">
     <span class='ocr_line' id='line_1_36' title="bbox 340 3136 2366 3218; baseline 0.001 -24"><span class='ocrx_word' id='word_1_294' title='bbox 340 3146 481 3209; x_wconf 55' lang='lat' dir='ltr'><strong>⁴erat</strong></span> <span class='ocrx_word' id='word_1_295' title='bbox 508 3136 583 3195; x_wconf 89' lang='lat' dir='ltr'><strong>ob</strong></span> <span class='ocrx_word' id='word_1_296' title='bbox 616 3136 857 3214; x_wconf 89' lang='lat' dir='ltr'><strong>plurima</strong></span> <span class='ocrx_word' id='word_1_297' title='bbox 888 3139 1078 3198; x_wconf 82' lang='lat' dir='ltr'><strong>officia</strong></span> <span class='ocrx_word' id='word_1_298' title='bbox 1109 3146 1168 3197; x_wconf 91' lang='lat' dir='ltr'><strong>et</strong></span> <span class='ocrx_word' id='word_1_299' title='bbox 1198 3138 1364 3216; x_wconf 90' lang='lat' dir='ltr'><strong>dona,</strong></span> <span class='ocrx_word' id='word_1_300' title='bbox 1397 3138 1599 3218; x_wconf 87' lang='lat' dir='ltr'><strong>quibus</strong></span> <span class='ocrx_word' id='word_1_301' title='bbox 1629 3138 1957 3199; x_wconf 87' lang='lat' dir='ltr'><strong>Plancinam</strong></span> <span class='ocrx_word' id='word_1_302' title='bbox 1993 3138 2366 3198; x_wconf 83' lang='lat' dir='ltr'><strong>devinxerat.</strong></span> 
     </span>
     <span class='ocr_line' id='line_1_37' title="bbox 353 3218 2367 3299; baseline 0.001 -20"><span class='ocrx_word' id='word_1_303' title='bbox 353 3254 373 3262; x_wconf 70' lang='lat'><strong>,</strong></span> <span class='ocrx_word' id='word_1_304' title='bbox 483 3220 582 3281; x_wconf 89' lang='grc'><strong>59.</strong></span> <span class='ocrx_word' id='word_1_305' title='bbox 625 3220 701 3281; x_wconf 91' lang='grc' dir='ltr'><strong>Μ.</strong></span> <span class='ocrx_word' id='word_1_306' title='bbox 736 3222 930 3282; x_wconf 90' lang='lat' dir='ltr'><strong>Silano</strong></span> <span class='ocrx_word' id='word_1_307' title='bbox 965 3221 1026 3281; x_wconf 81' lang='lat' dir='ltr'><strong>L.</strong></span> <span class='ocrx_word' id='word_1_308' title='bbox 1069 3218 1348 3282; x_wconf 71' lang='lat' dir='ltr'><strong>Norbano</strong></span> <span class='ocrx_word' id='word_1_309' title='bbox 1379 3222 1712 3282; x_wconf 87' lang='lat' dir='ltr'><strong>consulibus</strong></span> <span class='ocrx_word' id='word_1_310' title='bbox 1743 3222 2112 3298; x_wconf 87' lang='lat' dir='ltr'><strong>Germanicus</strong></span> <span class='ocrx_word' id='word_1_311' title='bbox 2151 3222 2367 3299; x_wconf 77' lang='lat' dir='ltr'><strong>Aegy-</strong></span> 
     </span>
     <span class='ocr_line' id='line_1_38' title="bbox 354 3306 2366 3384; baseline 0.001 -22"><span class='ocrx_word' id='word_1_312' title='bbox 354 3313 509 3381; x_wconf 88' lang='lat' dir='ltr'><strong>ptum</strong></span> <span class='ocrx_word' id='word_1_313' title='bbox 554 3306 939 3381; x_wconf 82' lang='lat' dir='ltr'><strong>proficiscitur</strong></span> <span class='ocrx_word' id='word_1_314' title='bbox 980 3306 1425 3383; x_wconf 86' lang='lat' dir='ltr'><strong>cognoscendae</strong></span> <span class='ocrx_word' id='word_1_315' title='bbox 1467 3308 1832 3384; x_wconf 88' lang='lat' dir='ltr'><strong>antiquitatis.</strong></span> <span class='ocrx_word' id='word_1_316' title='bbox 1906 3306 2010 3365; x_wconf 89' lang='lat' dir='ltr'><strong>sed</strong></span> <span class='ocrx_word' id='word_1_317' title='bbox 2045 3324 2182 3365; x_wconf 90' lang='lat' dir='ltr'><strong>cura</strong></span> <span class='ocrx_word' id='word_1_318' title='bbox 2219 3323 2366 3384; x_wconf 88' lang='lat' dir='ltr'><strong>pro-</strong></span> 
     </span>
     <span class='ocr_line' id='line_1_39' title="bbox 354 3388 2364 3468; baseline 0.003 -26"><span class='ocrx_word' id='word_1_319' title='bbox 354 3388 577 3446; x_wconf 84' lang='lat' dir='ltr'><strong>vinciae</strong></span> <span class='ocrx_word' id='word_1_320' title='bbox 601 3389 1109 3465; x_wconf 88' lang='lat' dir='ltr'><strong>praetendebatur,</strong></span> <span class='ocrx_word' id='word_1_321' title='bbox 1154 3388 1482 3468; x_wconf 84' lang='lat' dir='ltr'><strong>levavitque</strong></span> <span class='ocrx_word' id='word_1_322' title='bbox 1511 3393 1726 3468; x_wconf 89' lang='lat' dir='ltr'><strong>apertis</strong></span> <span class='ocrx_word' id='word_1_323' title='bbox 1754 3390 1983 3450; x_wconf 87' lang='lat' dir='ltr'><strong>horreis</strong></span> <span class='ocrx_word' id='word_1_324' title='bbox 2014 3391 2200 3467; x_wconf 87' lang='lat' dir='ltr'><strong>pretia</strong></span> <span class='ocrx_word' id='word_1_325' title='bbox 2237 3391 2364 3449; x_wconf 82' lang='lat' dir='ltr'><strong>fru-</strong></span> 
     </span>
     <span class='ocr_line' id='line_1_40' title="bbox 354 3470 2364 3553; baseline 0.003 -27"><span class='ocrx_word' id='word_1_326' title='bbox 354 3486 489 3543; x_wconf 88' lang='lat' dir='ltr'><strong>gum</strong></span> <span class='ocrx_word' id='word_1_327' title='bbox 529 3470 816 3549; x_wconf 88' lang='lat' dir='ltr'><strong>multaque</strong></span> <span class='ocrx_word' id='word_1_328' title='bbox 845 3476 919 3531; x_wconf 64' lang='lat' dir='ltr'><strong>‘in</strong></span> <span class='ocrx_word' id='word_1_329' title='bbox 967 3472 1175 3549; x_wconf 82' lang='lat' dir='ltr'><strong>vulgus</strong></span> <span class='ocrx_word' id='word_1_330' title='bbox 1220 3483 1386 3549; x_wconf 91' lang='lat' dir='ltr'><strong>grata</strong></span> <span class='ocrx_word' id='word_1_331' title='bbox 1430 3475 1758 3553; x_wconf 83' lang='lat' dir='ltr'><strong>usurpavit:</strong></span> <span class='ocrx_word' id='word_1_332' title='bbox 1801 3476 1928 3535; x_wconf 88' lang='lat' dir='ltr'><strong>sine</strong></span> <span class='ocrx_word' id='word_1_333' title='bbox 1970 3474 2148 3533; x_wconf 87' lang='lat' dir='ltr'><strong>milite</strong></span> <span class='ocrx_word' id='word_1_334' title='bbox 2193 3474 2364 3533; x_wconf 89' lang='lat' dir='ltr'><strong>ince-</strong></span> 
     </span>
    </p>
   </div>
   <div class='ocr_carea' id='block_1_6' title="bbox 2468 3060 2475 3984">
    <p class='ocr_par' dir='ltr' id='par_1_15' title="bbox 2468 3060 2475 3984">
     <span class='ocr_line' id='line_1_41' title="bbox 2468 3060 2475 3984; baseline 0 0"><span class='ocrx_word' id='word_1_335' title='bbox 2468 3060 2475 3984; x_wconf 95' lang='lat' dir='ltr'><strong> </strong></span> 
     </span>
    </p>
   </div>
  </div>
 </body>
</html>
