2475 4000
664 240 873 289 LIBER
902 221 1043 289 'xm
1084 241 1232 288 cAP.
1263 216 1530 296 43—49s
1803 204 1806 207 ⁴
1951 236 2078 299 273

74 395 363 455 Africano
396 395 805 475 Trebellioque
831 396 1078 456 Maximo
1112 399 1223 457 acti
1253 407 1402 473 sunt,
1435 400 1673 459 aemulis
1701 404 1851 461 inter
1879 420 1945 461 se
1969 420 2076 481 per
2099 419 2126 458 5
2178 438 2181 443 -

72 479 440 545 nobilitatem
468 480 712 541 Volusio
746 490 920 558 atque
948 482 1259 541 Africano:
1295 480 1642 542 Trebellium
1675 484 1804 544 dum
1835 494 2078 564 uterque
2189 530 2193 538 .

76 565 458 641 dedignatur,
491 580 664 642 supra
691 563 899 624 tulere.
1879 573 1881 576 ’

203 649 308 707 47.
350 647 440 707 Eo
488 666 635 708 anno
682 655 923 708 mortem
965 648 1107 708 obiit
1145 649 1441 709 Memmius
1481 650 1775 727 Regulus,
1830 657 2076 713 auctori-

73 742 194 793 tate
247 734 566 792 constantia
609 732 789 808 fama,
820 735 893 791 =in
936 742 1202 811 quantum
1245 732 1686 811 praeumbrante
1715 736 2077 812 imperatoris

72 817 319 893 fastigio
354 816 534 892 datur,
568 817 775 893 clarus,
806 816 952 877 adeo
984 827 1045 876 ut
1072 817 1230 877 Nero
1263 836 1445 895 aeger
1473 816 1822 894 valetudine,
1857 827 1916 876 et
1947 820 2078 879 adu-

72 900 331 963 lantibus
374 903 587 960 circum
634 902 728 978 qui
770 902 940 960 linem
986 902 1229 979 imperio
1273 902 1482 961 adesse
1516 901 1814 977 dicebant,
1859 903 1906 959 si
1945 903 2079 979 quid

70 988 198 1047 fato
235 994 561 1063 pateretur,
613 984 981 1063 responderit
1009 985 1227 1045 habere
1275 985 1586 1045 subsidium
1615 1004 1736 1045 rem
1769 984 2076 1063 publicam.
2101 1001 2126 1040 5

70 1068 421 1147 rogantibus
464 1068 671 1129 dehinc
712 1071 770 1128 in
800 1088 911 1148 quo
951 1071 1344 1149 potissimum,
1387 1069 1682 1129 addiderat
1723 1070 1782 1129 in
1810 1070 2077 1130 Memmio

71 1153 331 1230 Regulo·
401 1154 561 1212 vixit.
584 1162 772 1213 tamen
814 1164 951 1232 post
976 1153 1123 1213 haec
1150 1154 1446 1229 Regulus,
1493 1154 1684 1231 quiete
1713 1153 1988 1213 defensus
2022 1163 2080 1213 et

74 1240 214 1317 quia
256 1254 405 1296 nova
446 1240 681 1314 generis
728 1238 1064 1297 claritudine
1104 1255 1292 1315 neque
1335 1236 1646 1295 invidiosis·
1673 1236 1884 1315 opibus
1933 1247 2076 1297 erat.

72 1322 437 1399 gymnasium
468 1339 540 1380 eo
577 1338 724 1381 anno
752 1321 1073 1381 dedicatum
1102 1339 1133 1381 a
1157 1321 1392 1380 Nerone
1425 1319 1857 1399 praebitumque
1887 1322 2078 1381 oleum

72 1407 257 1484 equiti
288 1423 358 1466 ac
390 1408 609 1465 senatui
645 1406 867 1466 Graeca
895 1405 1193 1465 facilitate.
2097 1413 2146 1453 10

208 1488 312 1549 48.
364 1490 425 1549 P.
476 1490 658 1551 Mario
712 1490 773 1549 L.
826 1490 1031 1549 Asinio
1088 1486 1422 1547 consulibus
1479 1488 1762 1565 Antistius
1812 1498 2071 1567 praetor,

72 1591 249 1654 quem
278 1575 335 1632 in
365 1574 649 1634 tribunatu
681 1572 870 1654 plebis
903 1574 1147 1633 licenter
1180 1573 1378 1647 egisse
1408 1575 1750 1650 memoravi,
1789 1573 2076 1650 probrosa

72 1659 359 1719 adversus
412 1660 731 1737 principem
785 1659 1032 1717 carmina
1088 1655 1370 1715 factitavit
1423 1657 1802 1735 vulgavitque
1853 1656 2075 1717 celebri

71 1742 383 1817 convivio,
430 1742 558 1802 dum
598 1742 748 1821 apud
789 1741 1073 1801 Ostorium
1118 1740 1427 1818 Scapulam
1471 1742 1752 1818 epulatur.
1844 1744 1995 1800 exim
2041 1759 2073 1800 a

71 1826 425 1888 Cossutiano
470 1825 785 1905 Capitone,
827 1825 921 1903 qui
962 1842 1145 1903 miper
1187 1826 1537 1883 senatorium
1583 1824 1841 1883 ordinem
1879 1827 2071 1903 preci·
2100 1839 2124 1877 ⁵
2214 1872 2217 1880 .

68 1914 187 1972 bus
213 1909 482 1985 Tigellini
512 1911 703 1971 soceri
732 1911 818 1967 sui
840 1917 1184 1987 receperat,
1214 1910 1530 1967 maiestatis
1561 1905 1784 1966 delatus
1811 1916 1916 1965 est.
1961 1916 2099 1984 tum,

68 1996 321 2078 primum
360 2005 632 2056 revocata
680 2010 749 2053 ea
790 1992 919 2070 lex,
972 1988 1434 2068 credebaturque
1475 1988 1624 2056 haud
1667 1990 1908 2068 perinde
1955 1993 2074 2050 exi-

65 2084 213 2141 tium
244 2079 494 2139 Antistio
528 2095 695 2156 quam
723 2078 1056 2154 imperatori
1090 2075 1338 2150 gloriam
1375 2073 1607 2152 quaeri,
1638 2084 1699 2133 ut
1733 2073 2073 2134 condemna-

63 2175 171 2226 tus
218 2180 250 2220 a
293 2173 491 2220 senatu
531 2161 954 2220 intercessione
998 2158 1298 2218 tribunicia
1353 2160 1517 2218 morti
1563 2159 1930 2218 eximeretur.
2018 2166 2074 2216 et

66 2263 210 2309 cum
238 2243 499 2302 Ostorius
544 2243 683 2303 nihil
714 2243 1002 2302 audivisse
1035 2260 1141 2321 pro
1186 2243 1511 2301 testimonio
1547 2243 1818 2317 dixisset,
1867 2242 2068 2302 adver·
2093 2251 2144 2291 10

64 2335 162 2394 sis
202 2326 442 2386 testibus
489 2325 792 2392 creditum:
840 2328 1177 2403 censuitque
1206 2323 1398 2386 Iunius
1428 2326 1702 2386 Marullus
1742 2327 1943 2386 consul
1975 2327 2072 2386 de·

66 2419 337 2490 signatus
370 2409 724 2471 adimendam
756 2428 860 2471 reo
892 2420 1215 2489 praeturam
1247 2410 1677 2489 necandumque
1707 2426 1866 2470 more
1897 2413 2072 2470 maio-

66 2515 221 2561 rum.
322 2497 535 2554 ceteris
585 2495 717 2554 iude
768 2493 1250 2571 adsentientibuS,
1305 2495 1514 2556 Paetus
1556 2494 1841 2568 Thrasea,
1895 2493 2073 2553 multo

69 2597 204 2644 cum
234 2577 455 2638 honore
481 2578 751 2639 Caesaris
772 2587 829 2639 et
858 2581 1139 2639 acerrime
1163 2581 1450 2657 increpito
1477 2580 1744 2654 Antistio,
1775 2595 1889 2636 non
1914 2576 2074 2655 quid-

66 2663 211 2745 quid
242 2676 462 2722 nocens
492 2681 627 2723 reus
660 2664 777 2740 pati
806 2673 1155 2744 mereretur,
1206 2662 1264 2722 id
1309 2665 1556 2740 egregio
1587 2662 1690 2721 sub
1723 2663 1985 2740 principe
2015 2669 2140 2719 et15

65 2747 229 2808 nulla
260 2750 609 2808 necessitate
642 2747 923 2808 obstr-icto
962 2747 1182 2807 senatui
1214 2747 1569 2807 statuendum
1605 2745 1902 2805 disseruit:
1934 2763 2087 2825 *car-2

65 2832 299 2892 niiicem
342 2839 400 2890 et
436 2832 701 2912 laqueum
734 2832 957 2911 pridem
1000 2831 1248 2907 abolita,
1305 2841 1363 2891 et·
1405 2849 1539 2891 esse
1580 2847 1800 2908 poenas
1840 2828 2070 2905 legibus

64 2917 442 2992 constitutas,
500 2916 705 2995 quibus
746 2917 869 2974 sine
924 2916 1172 2975 iudicum
1220 2917 1462 2976 saevitia
1510 2925 1571 2975 et
1621 2924 1940 2992 temporum
1987 2913 2070 2970 in·

64 3002 243 3060 famia
285 3000 572 3080 supplicia
608 3000 1079 3060 decernerentur.
1152 3001 1286 3078 quin
1317 3001 1372 3058 in
1409 2998 1592 3060 insula
1629 2998 1938 3077 publicatis
1967 2995 2069 3056 bo-

64 3085 194 3159 nis,
240 3101 351 3162 quo
396 3086 630 3163 longius
672 3093 895 3144 sontem
926 3086 1098 3143 vitam
1130 3086 1440 3160 traxisset,
1484 3101 1556 3144 eo
1593 3084 1856 3161 privatim
1901 3081 2070 3139 mise·
2087 3094 2140 3135 2⁰

64 3171 285 3229 riorem
315 3179 373 3228 et
404 3170 671 3247 publicae
702 3169 1042 3228 clementiae
1072 3169 1372 3228 maximum
1405 3167 1727 3246 exemplum
1760 3166 2025 3226 futurum.

200 3253 300 3314 49.
344 3253 607 3314 Libertas
640 3253 935 3314 Thraseae
968 3253 1260 3312 servitium
1297 3252 1536 3311 aliorum
1574 3253 1760 3328 rupit,
1809 3259 1866 3309 et
1907 3255 2066 3327 post-

68 3355 243 3416 quam
274 3336 691 3398 discessionem
723 3335 927 3397 consul
956 3339 1325 3416 permiserat,
1371 3334 1614 3414 pedibus
1645 3336 1701 3392 in
1731 3332 2068 3394 sententiam

69 3425 201 3481 eius
250 3413 401 3499 ieie,
462 3424 663 3503 paucis
708 3423 1007 3500 exceptis,
1060 3422 1119 3480 in
1158 3420 1362 3499 quibus
1403 3419 1727 3479 adulatione
1764 3416 2067 3496 promptis-

68 3508 247 3566 simus
296 3505 506 3566 fuit=A.
538 3506 842 3585 Vitellius,
889 3507 1165 3585 optimum
1213 3522 1496 3583 quemque
1546 3504 1736 3580 iurgio
1768 3502 2068 3562 lacessens

159 3609 343 3650 uerri
370 3612 509 3649 nnus
540 3611 584 3653 1.
1232 3645 1237 3654 .
1673 3587 1748 3648 18
