2475 4000
767 195 973 246 unsa
994 199 1040 244 1.
1067 157 1216 246 cs}-
1240 199 1477 255 41—45.
2046 187 2127 248 23

133 350 334 410 ritudo
367 349 466 424 sit,
499 347 842 408 subvenisse
872 348 1130 411 Romano
1161 355 1403 428 nomini,
1444 359 1859 433 compressisse
1893 353 2125 416 Germa·

136 436 274 492 niae
311 433 580 511 populos.
641 441 770 509 tua,
804 433 936 493 dive
967 433 1263 511 Auguste,
1306 435 1467 494 caelo
1496 449 1734 517 recepta
1770 457 1962 516 mens,
2008 448 2123 512 tua,

139 525 313 596 pater
342 515 530 576 Druse
552 560 570 593 ,
616 517 837 593 imago,
890 519 969 577 tui
1001 519 1275 578 memoria
1305 517 1485 578 isdem
1530 520 1650 580 istis
1684 541 1805 582 cum
1828 522 2121 596 militibus,
2147 540 2197 582 ιο

137 617 296 678 quos
323 601 434 660 iam
469 600 656 678 pudor
687 609 744 659 et
775 601 966 678 gloria
995 603 1198 679 intrat,
1244 601 1436 662 eluant
1478 602 1625 662 hauc
1676 607 1947 666 maculam
1982 609 2123 666 iras-

140 703 258 761 que
294 684 498 744 civiles
531 685 588 744 in
622 683 854 743 exitium
892 684 1154 745 h‘ostibus
1205 694 1450 746 vertant.
1535 701 1641 744 vos
1688 703 1945 763 quoque,
1982 706 2121 767 quo-

140 786 261 825 rum
290 767 402 828 alia
434 786 584 828 nunc
616 782 739 843 ora,
773 768 884 828 alia
915 779 1157 848 pectora
1195 778 1509 846 contueor,
1542 771 1592 828 si
1630 769 1859 846 legatos
1888 773 2121 846 senatui,

133 851 480 929 obsequium
508 852 870 929 imperatori,
921 855 971 914 si
1017 853 1152 913 mihi
1199 854 1505 931 coniugem
1550 862 1609 912 et
1654 853 1830 912 filium
1870 851 2123 929 redditis,

125 934 426 995 discedite
457 953 489 994 a
526 944 792 996 contactu
821 953 890 996 ac
923 937 1156 998 dividite
1187 937 1477 997 turbidos:
1510 936 1567 996 id
1600 935 1811 997 stabile
1836 935 1907 994 ad
1930 938 2119 1012 paeni·
2146 954 2194 996 ιε

128 1020 386 1095 tentiam,
426 1019 482 1079 id
510 1019 646 1080 fidei
674 1020 958 1080 vinculum
997 1023 1160 1080 erit.'

251 1105 358 1164 44.
410 1103 722 1181 Supplices
756 1102 828 1163 ad
855 1105 1003 1164 haec
1043 1115 1100 1164 et
1139 1122 1281 1165 vera
1325 1104 1667 1183 exprobrari
1706 1104 1957 1163 fatentes
2002 1117 2126 1161 ora-

124 1185 262 1246 bant
291 1187 530 1265 puniret
559 1188 802 1262 noxios,
838 1189 1178 1265 ignosceret
1210 1188 1389 1266 lapsis
1424 1198 1481 1247 et
1512 1189 1752 1248 duceret
1784 1187 1841 1246 iu
1868 1185 2127 1246 hostem:

124 1279 516 1340 revocaretur
547 1272 828 1347 coniunx,
873 1271 1090 1332 rediret
1119 1271 1409 1348 legionum
1454 1271 1709 1332 alumnus
1755 1287 1904 1329 neve
1949 1285 2129 1347 opses

125 1353 312 1414 Gallis
341 1354 694 1415 traderetur.
769 1355 1012 1414 reditum
1043 1355 1400 1433 Agrippinae
1430 1357 1729 1415 excusavit
1754 1353 1828 1413 ob
1854 1353 2124 1413 inminen-

123 1445 245 1495 tem
289 1447 520 1515 partum
566 1447 623 1497 et
665 1435 942 1508 hiemem;
975 1448 1271 1498 venturum
1300 1439 1505 1499 filium:
1558 1449 1753 1499 cetera
1794 1439 1905 1516 ipsi
1949 1454 2117 1496 exse·
2142 1460 2168 1500 5

124 1531 472 1597 querentur.
560 1521 882 1582 discurrunt
923 1523 1114 1582 mutati
1168 1532 1225 1582 et
1275 1523 1775 1584 seditiosissimum
1839 1537 2146 1600 quemque.

123 1604 362 1664 vinctos
405 1604 632 1666 trahunt
669 1605 739 1666 ad
775 1605 1022 1683 legatum
1071 1606 1321 1684 legionis
1363 1610 1578 1686 primae
1624 1605 1689 1667 G.
1736 1604 2121 1676 Caetronium,

126 1691 226 1764 qui
255 1689 529 1749 iudicium
573 1685 630 1749 et
679 1707 897 1769 poenas
943 1691 1016 1752 de
1049 1692 1290 1768 sing-ulis
1318 1693 1375 1751 in
1402 1692 1552 1752 hunc
1580 1691 1810 1752 modum
1842 1688 2121 1748 exercuit.

121 1771 356 1832 stabant
388 1791 494 1852 pro
528 1775 794 1846 contione
825 1775 1092 1852 legiones
1123 1776 1416 1836 destrictis
1446 1777 1683 1853 gladiis;
1728 1792 1863 1834 reus
1898 1773 1954 1831 in
1988 1787 2120 1847 sug-

121 1865 297 1930 gestu
338 1876 446 1936 per
491 1859 772 1918 tribunum
816 1859 1260 1920 ostendebatur:
1318 1861 1371 1919 si
1411 1867 1717 1919 nocentem
1762 1857 2118 1916 adclamave-
2145 1872 2193 1912 ιο

122 1949 273 2016 rant,
314 1960 606 2023 praeceps
647 1943 812 2003 datus
843 1943 1255 2005 trucidabatur.
1316 1951 1373 2002 et
1403 1940 1693 2019 gaudebat
1727 1938 1999 1999 caedibus
2024 1937 2122 1994 mi·
2202 1945 2219 1958 ‘

119 2021 232 2097 les,
264 2034 557 2105 tamquam
587 2036 772 2087 semet
808 2027 1170 2096 absolveret;
1206 2044 1319 2086 nec
1356 2023 1576 2102 Caesar
1611 2022 1868 2094 arcebat,
1900 2017 2124 2097 quando

117 2107 281 2166 nullo
315 2111 501 2186 ipsius
531 2111 691 2170 iussu
720 2128 902 2188 penes
934 2111 1175 2170 eosdem
1207 2110 1450 2169 saevitia
1481 2105 1616 2169 facti
1652 2116 1711 2165 et
1744 2102 1950 2165 invidia
1984 2110 2123 2161 erat.

119 2192 314 2247 secuti
349 2192 675 2268 exemplum
704 2177 966 2253 veteran‘ni
993 2194 1144 2253 haud
1170 2193 1349 2252 multo
1374 2202 1509 2271 post
1534 2195 1591 2252 in
1614 2191 1877 2251 Raetiam
1900 2187 2125 2246 mittun-

91 2270 248 2346 xtur,
285 2274 492 2346 specie
543 2273 944 2335 defendendae
987 2277 1321 2353 provinciae
1370 2276 1443 2337 ob
1486 2275 1825 2336 imminentis
1868 2269 2118 2344 Suebos,
2143 2284 2194 2324 ιε

122 2362 394 2411 ceterum
440 2360 500 2409 ut
558 2356 946 2416 avellerentur
988 2359 1190 2415 castris
1233 2360 1489 2418 trucibus
1543 2358 1729 2418 adhuc
1785 2375 1898 2417 non
1941 2354 2123 2413 minus

120 2436 450 2512 asperitate
496 2435 763 2494 remedii·
793 2454 959 2514 quam
1006 2436 1253 2497 sceleris
1292 2441 1586 2499 memoria.
1675 2441 2125 2499 centurionatum

121 2518 258 2578 inde
293 2520 435 2596 egit·
499 2519 702 2578 citatus
731 2518 801 2578 ab
842 2522 1192 2599 imperatore
1234 2538 1478 2598 nomen,
1508 2522 1833 2595 ordinem,
1865 2520 2123 2598 patriam,

123 2619 424 2662 numerum
454 2602 898 2680 stipendiorum,
946 2622 1092 2683 quae
1133 2614 1366 2665 strenue
1409 2607 1463 2662 in
1502 2603 1739 2682 praeliis
1772 2603 2033 2677 fecisset,
2070 2610 2127 2661 et

127 2687 218 2745 cui
259 2696 428 2747 erant
477 2685 626 2746 dona
665 2685 960 2763 militaria,
1005 2687 1235 2748 edebat.
1299 2690 1346 2747 si
1390 2687 1629 2762 tribuni,
1676 2688 1726 2745 si
1769 2686 1927 2763 legio
1970 2684 2197 2743 indu-2⁰

128 2771 324 2831 striam
377 2771 876 2848 innocentiamque
933 2771 1428 2849 adprobaverant,
1489 2770 1774 2831 retinebat
1834 2770 2123 2829 ordinem:

127 2852 221 2911 ubi
253 2856 550 2916 avaritiam
585 2863 681 2915 aut
715 2854 1110 2915 crudelitatem
1143 2874 1431 2917 consensu
1476 2855 1964 2928 obiectavissent,
2008 2852 2125 2911 sol-

127 2934 374 2998 vebatur
409 2940 626 2999 militia.
985 2976 992 2993 ,
1261 2992 1265 2997 .

248 3023 352 3082 45.
402 3024 502 3082 Sic
527 3024 864 3102 compositis
889 3022 1294 3100 praesentibus
1325 3023 1475 3083 haud
1502 3024 1687 3085 minor
1709 3022 1897 3083 moles
1924 3036 2123 3097 super-

131 3114 250 3164 erat
287 3107 364 3167 ob
407 3107 686 3177 ferociam
720 3108 950 3185 quintae
985 3115 1044 3165 et
1079 3108 1570 3189 unetvicensimae
1602 3108 1926 3185 legionum,
1959 3120 2126 3163 sexa-

128 3191 444 3259 gensimum
474 3192 621 3269 apud
665 3191 915 3269 lapidem
951 3190 1123 3269 (loco
1154 3190 1372 3255 Vetera
1408 3208 1617 3251 nomen
1660 3193 1780 3270 est)
1824 3188 2124 3249 hibernan-

129 3269 278 3331 tium.
349 3292 478 3334 nam
545 3276 712 3353 primi
767 3274 1108 3335 seditionem
1189 3282 1640 3353 coeptaverant-:
1714 3271 2124 3333 atrocissimum

131 3356 400 3435 quodque
432 3358 883 3419 facinusxhorum
924 3359 1184 3419 manibus
1227 3367 1539 3437 patratum
1586 3375 1696 3417 nec
1739 3372 1931 3435 poena
1972 3370 2169 3414 com-5

129 3438 437 3503 militonum
469 3444 731 3503 exterriti
763 3461 873 3503 nec
917 3443 1267 3521 paenitentia
1313 3441 1583 3502 conversi
1622 3442 1738 3500 iras
1782 3438 2121 3501 retinebant.
