2475 4000
328 251 446 313 198
828 261 1159 310 connnnn
1182 261 1418 346 'ranem
1445 259 1808 312 Amanum

318 416 542 493 Pallas,
584 417 668 477 illi
698 414 969 476 Callistus
1009 419 1268 478 fautores
1301 417 1562 487 aderant;
1610 426 1666 475 at
1694 417 1859 477 Aelia
1888 416 2126 477 Paetina
2158 435 2192 476 e
2222 418 2322 477 fa-

317 500 467 560 milia
500 499 861 562 Tuberonum
888 500 1162 561 Narcisso
1196 501 1519 561 fovebatur.
1580 501 1707 579 ipse
1748 499 1858 559 huc
1885 501 2086 578 modo,
2125 501 2318 562 modo

246 602 297 642 ιο
316 583 471 660 illuc,
504 593 561 644 ut
591 602 884 662 quemque
904 584 1256 644 suadentium
1283 584 1570 662 audierat,
1605 592 1933 681 promptus,
1967 583 2319 645 discordan-

314 677 404 728 tes
432 669 490 727 in
521 668 819 728 consilium
853 677 1026 729 vocat
1056 686 1124 728 ac
1154 667 1426 747 promere
1458 631 1794 727 sententiam
1836 676 1895 727 et
1931 668 2169 729 adicere
2212 685 2317 730 ra-

337 769 501 811 iones
530 751 708 812 iubet.

310 752 353 822 5
436 835 493 894 2.
552 835 859 896 Narcissus
903 845 1069 894 vetus
1120 836 1562 936 matrimonium,
1619 836 1886 895 familiam
1941 853 2312 896 communem

315 922 473 997 (nam
503 920 753 979 Antonia
783 938 855 980 ex
884 919 1117 979 Paetina
1147 919 1324 997 erat),
1355 918 1542 979 nihil
1525 939 1582 980 ιιι
1614 919 1915 998 penatibus
1939 920 2062 979 eius
2086 937 2310 980 novum

314 1003 665 1080 disserebat,
718 1005 767 1062 si
809 1012 967 1062 sueta
1002 1005 1253 1063 coniunx
1286 1002 1521 1078 rediret,
1555 1003 1987 1082 haudquaquam
2015 1020 2310 1063 noverca-

312 1086 459 1147 libus
506 1087 655 1147 odiis
707 1088 901 1146 visura
948 1086 1334 1160 Britannicum
1379 1093 1439 1146 et
1483 1086 1810 1162 Octaviam,
1863 1088 2128 1166 proxima
2182 1090 2310 1148 suis

265 1173 574 1251 spignora.
646 1169 915 1231 Callistus
956 1171 1318 1250 inprobatam
1363 1171 1541 1247 longo
1583 1169 1852 1248 discidi0,
1898 1187 1968 1230 ac
1998 1172 2046 1229 si
2073 1190 2308 1231 rursum

310 1255 729 1330 adsumeretur,
780 1273 853 1315 eo
894 1257 1023 1333 ipso
1069 1255 1403 1333 superbam;
1460 1254 1755 1333 longeque
1798 1256 2016 1314 rectius
2055 1254 2302 1315 Lolliam

310 1333 536 1413 induci,
559 1338 785 1416 quando
816 1338 1006 1399 nullos
1035 1339 1254 1398 liberos
1283 1341 1609 1416 genuisset,
1644 1356 1881 1398 vacuam
1914 1339 2296 1398 aemulatione

309 1431 366 1480 et
411 1423 693 1499 privignis
740 1422 995 1499 parentis
1042 1423 1177 1482 loco
1221 1423 1482 1482 futuram.
1545 1430 1600 1481 at
1641 1421 1832 1481 Pallas
1874 1422 1931 1482 id
1963 1424 2204 1482 maxime
2235 1423 2298 1481 in

308 1505 634 1583 Agrippina
663 1504 917 1583 laudare,
954 1506 1108 1583 quod
1144 1505 1464 1566 Germanici
1493 1515 1763 1583 nepotem
1783 1523 1991 1565 secum
2015 1505 2300 1582 traheret,

130 1633 135 1643 ,
238 1610 289 1650 ιο
312 1588 538 1666 dignum
582 1605 818 1667 prorsus
856 1591 1225 1667 imperatoria
1266 1589 1524 1649 fortuna:
1572 1592 1807 1669 stirpem
1835 1589 2087 1649 nobilem
2119 1598 2180 1648 et
2213 1591 2302 1650 fa·

304 1672 492 1732 miliae
520 1669 723 1732 Iuliae
751 1670 1138 1750 Claudiaeque
1172 1681 1444 1752 posteros
1489 1675 1899 1750 coniungeret,
1950 1691 2025 1732 ne
2081 1665 2303 1734 femina

305 1765 582 1833 expertae
613 1755 1021 1832 fecunditatis,·
1030 1759 1256 1833 integra
1279 1759 1526 1844 iuventa,
1560 1757 1949 1818 claritudinem
1976 1754 2299 1817 Caesarum

304 1839 514 1900 aliam
498 1858 554 1898 ιιι
584 1838 813 1900 domum
835 1840 1041 1902 ferret.

424 1922 483 1984 3.
526 1921 912 1984 Praevaluere
941 1923 1085 1983 haec
1118 1921 1304 1984 adiuta
1335 1924 1693 2005 Agrippinae
1739 1923 2084 1999 inlecebris,
2131 1941 2303 2003 quae

303 2008 373 2070 ad
404 2028 531 2069 eum
558 2028 665 2088 per
694 2013 951 2089 speciem
979 2008 1420 2069 necessitudinis
1451 2008 1659 2069 crebro
1702 2008 2034 2069 ventitando
2067 2009 2302 2088 pellicit

305 2102 581 2173 patruum,
616 2101 677 2152 ut
704 2094 960 2172 praelata
997 2096 1208 2153 ceteris
1247 2103 1306 2152 et
1344 2092 1592 2153 nondum
1623 2110 1768 2153 uxor
1795 2094 2064 2172 potentia'
2085 2095 2300 2153 uxoria

276 2178 409 2249 iam
440 2186 712 2236 uteretur.
772 2194 901 2236 nam
928 2176 1025 2237 ubi
1056 2180 1143 2237 sui
1170 2178 1506 2237 matrimonii
1537 2186 1696 2236 certa
1729 2177 1859 2251 fuit,
1905 2186 2132 2236 struere
2173 2196 2297 2237 ma-

244 2264 277 2316 b
299 2261 421 2319 iora
453 2262 793 2338 nuptiasque
821 2259 1075 2336 Domitii,
1109 2279 1278 2339 quem
1309 2279 1383 2320 ex
1414 2259 1518 2319 Cn.
1552 2259 1947 2320 Ahenobarbo
1979 2272 2294 2339 genuerat,

208 2352 221 2419 4‘
301 2350 357 2401 et
402 2339 675 2402 Octaviae
710 2341 979 2403 Caesaris
1028 2345 1181 2404 filiae
1208 2344 1426 2412 moliri;
1465 2343 1618 2421 quod
1645 2346 1770 2403 sine
1809 2344 2040 2404 scelere
2073 2362 2289 2424 perpe·

297 2426 435 2485 trari
465 2444 579 2487 non
611 2436 871 2504 poterat,
909 2429 1040 2507 quia
1066 2428 1127 2487 L.
1163 2422 1374 2487 Silano
1397 2392 1785 2511 desponderat
1815 2427 2111 2488 Octaviam
2137 2428 2284 2489 Cae-

298 2529 390 2569 sar
429 2511 809 2588 iuvenemque
854 2520 911 2572 et
954 2512 1068 2572 alia
1111 2512 1325 2571 clarum
1366 2513 1574 2589 insigni
1615 2511 2036 2591 triumphalium
2076 2520 2131 2571 et
2153 2511 2280 2587 gla

299 2594 524 2654 diatorii
552 2596 801 2655 muneris
832 2597 1260 2672 magnificentia
1287 2595 1610 2673 protulerat
1645 2595 1715 2655 ad
1739 2595 1925 2655 studia
1950 2596 2123 2672 vulgi.
2173 2595 2284 2654 sed

227 2690 276 2731 ιο
296 2677 430 2737 nihil
461 2678 692 2738 arduum
722 2678 1070 2739 videbatur
1052 2698 1108 2747 ιιι
1138 2682 1324 2739 animo
1355 2680 1666 2758 principis,
1711 2681 1800 2739 cui
1840 2694 1954 2738 non
1994 2678 2284 2755 iudicium,
2368 2718 2376 2727 -

295 2779 409 2821 non
440 2762 629 2822 odium
662 2772 783 2825 erat
816 2765 922 2841 nisi
952 2763 1127 2823 indita
1156 2772 1214 2823 et
1246 2765 1421 2824 iussa.

410 2846 469 2913 4.
510 2844 690 2923 Igitur
718 2846 1021 2924 Vitellius,
1052 2850 1282 2907 nomine
1315 2849 1576 2906 censoris
1607 2846 1850 2915 serviles
1881 2846 2144 2907 fallacias
2179 2846 2286 2907 ob·
2349 2884 2354 2888 -

292 2938 497 3005 tegens
539 2931 1032 3008 ingruentiumque
1064 2931 1508 2991 dominationum
1537 2933 1839 3009 provisor,
1890 2948 2005 3009 quo
2038 2933 2288 3007 gratiam

290 3012 652 3092 Agrippinae
683 3022 933 3092 pararet,
971 3016 1226 3075 consiliis
1255 3016 1378 3075 eius
1412 3015 1725 3092 implicari,
1767 3015 1926 3074 ferre
1957 3016 2196 3075 crimina
2225 3018 2288 3075 in

292 3096 569 3173 Silanum,
616 3098 775 3157 cuius
818 3116 957 3158 sane
1000 3098 1213 3159 decora
1245 3108 1305 3159 et
1336 3115 1556 3176 procax
1588 3115 1794 3173 soror,
1828 3095 1986 3157 Iunia
2017 3095 2286 3175 Calvina,

238 3202 262 3239 5
286 3176 434 3239 haud
462 3180 636 3240 multo
669 3188 799 3241 ante
830 3182 1048 3242 Vitellii
1077 3202 1252 3242 nurus
1283 3181 1492 3241 fuerat.
1553 3181 1685 3241 hinc
1714 3182 1929 3241 initium
1958 3185 2284 3243 accusatio-

284 3264 395 3331 nis;
433 3263 785 3342 fratrumque
827 3282 943 3326 non
988 3267 1266 3327 incestum
1280 3269 1311 3341 ,''
1349 3265 1454 3325 sed
1489 3265 1888 3325 incustoditum
1919 3282 2174 3327 amorem
2205 3267 2282 3327 ad

281 3346 559 3407 infamiam
592 3350 780 3407 traxit.
830 3358 908 3408 -et
937 3349 1256 3427 praebebat
1287 3348 1508 3427 Caesar
1540 3366 1736 3425 aures,
1776 3350 2136 3427 accipiendis
2179 3350 2281 3411 ad-

280 3446 481 3488 versus
523 3449 800 3506 generum
854 3434 1265 3510 suspitionibus
1323 3433 1556 3493 caritate
1610 3432 1761 3492 filiae
1815 3436 2158 3511 promptior.
2220 3444 2284 3495 at

279 3508 505 3570 Silanus
533 3513 861 3573 insidiarum
890 3517 1123 3575 nescius
1153 3534 1223 3576 ac
1251 3516 1416 3577 forte
1445 3532 1514 3575 eo
1544 3533 1692 3576 anno
1729 3525 1996 3595 praetor,
2027 3528 2282 3598 repente
