<?xml version="1.0" encoding="UTF-8"?>
<!DOCTYPE html PUBLIC "-//W3C//DTD XHTML 1.0 Transitional//EN"
    "http://www.w3.org/TR/xhtml1/DTD/xhtml1-transitional.dtd">
<html xmlns="http://www.w3.org/1999/xhtml" xml:lang="en" lang="en">
 <head>
  <title>
</title>
<meta http-equiv="Content-Type" content="text/html;charset=utf-8" />
  <meta name='ocr-system' content='tesseract 3.04.00' />
  <meta name='ocr-capabilities' content='ocr_page ocr_carea ocr_par ocr_line ocrx_word'/>
</head>
<body>
  <div class='ocr_page' id='page_1' title='image "./corneltacitilib00unkngoog_0314.png"; bbox 0 0 2475 4000; ppageno 0'>
   <div class='ocr_carea' id='block_1_1' title="bbox 288 159 1768 250">
    <p class='ocr_par' dir='ltr' id='par_1_1' title="bbox 288 159 1768 250">
     <span class='ocr_line' id='line_1_1' title="bbox 288 159 1768 250; baseline -0.001 0"><span class='ocrx_word' id='word_1_1' title='bbox 288 159 415 250; x_wconf 75' lang='lat'><strong>2&#39;54</strong></span> <span class='ocrx_word' id='word_1_2' title='bbox 538 165 551 171; x_wconf 59' lang='grc'><strong>’</strong></span> <span class='ocrx_word' id='word_1_3' title='bbox 789 197 1117 246; x_wconf 76' lang='lat' dir='ltr'>CORNELII</span> <span class='ocrx_word' id='word_1_4' title='bbox 1140 199 1378 246; x_wconf 67' lang='lat' dir='ltr'><strong>morri</strong></span> <span class='ocrx_word' id='word_1_5' title='bbox 1399 179 1768 248; x_wconf 67' lang='grc' dir='ltr'>Αιιιιιίιιιιιι</span> 
     </span>
    </p>
   </div>
   <div class='ocr_carea' id='block_1_2' title="bbox 210 349 2322 2958">
    <p class='ocr_par' dir='ltr' id='par_1_2' title="bbox 274 349 2322 686">
     <span class='ocr_line' id='line_1_2' title="bbox 404 349 2312 436; baseline 0.002 -22"><span class='ocrx_word' id='word_1_6' title='bbox 404 355 463 414; x_wconf 85' lang='grc'><strong>2.</strong></span> <span class='ocrx_word' id='word_1_7' title='bbox 506 351 705 413; x_wconf 78' lang='lat' dir='ltr'><strong>Tradit</strong></span> <span class='ocrx_word' id='word_1_8' title='bbox 744 349 1009 412; x_wconf 78' lang='lat' dir='ltr'><strong>Cluvius·</strong></span> <span class='ocrx_word' id='word_1_9' title='bbox 1024 352 1233 414; x_wconf 83' lang='lat' dir='ltr'><strong>ardore</strong></span> <span class='ocrx_word' id='word_1_10' title='bbox 1274 353 1614 414; x_wconf 67' lang='lat' dir='ltr'><strong>retinendae</strong></span> <span class='ocrx_word' id='word_1_11' title='bbox 1654 357 2040 436; x_wconf 77' lang='lat' dir='ltr'>Agrippinam</span> <span class='ocrx_word' id='word_1_12' title='bbox 2083 363 2312 435; x_wconf 80' lang='lat' dir='ltr'><strong>poten-</strong></span> 
     </span>
     <span class='ocr_line' id='line_1_3' title="bbox 284 434 2316 520; baseline 0.001 -21"><span class='ocrx_word' id='word_1_13' title='bbox 284 441 399 500; x_wconf 89' lang='lat' dir='ltr'><strong>tiae</strong></span> <span class='ocrx_word' id='word_1_14' title='bbox 444 455 515 497; x_wconf 90' lang='lat' dir='ltr'><strong>eo</strong></span> <span class='ocrx_word' id='word_1_15' title='bbox 562 453 743 515; x_wconf 89' lang='lat' dir='ltr'><strong>usque</strong></span> <span class='ocrx_word' id='word_1_16' title='bbox 775 445 1145 515; x_wconf 80' lang='lat' dir='ltr'>provectam,</span> <span class='ocrx_word' id='word_1_17' title='bbox 1204 447 1266 497; x_wconf 86' lang='lat' dir='ltr'><strong>ut</strong></span> <span class='ocrx_word' id='word_1_18' title='bbox 1305 439 1494 498; x_wconf 83' lang='lat' dir='ltr'><strong>medio</strong></span> <span class='ocrx_word' id='word_1_19' title='bbox 1539 434 1680 518; x_wconf 86' lang='lat' dir='ltr'><strong>diei,</strong></span> <span class='ocrx_word' id='word_1_20' title='bbox 1737 459 1872 500; x_wconf 90' lang='lat' dir='ltr'><strong>cum</strong></span> <span class='ocrx_word' id='word_1_21' title='bbox 1905 441 1963 499; x_wconf 88' lang='lat' dir='ltr'><strong>id</strong></span> <span class='ocrx_word' id='word_1_22' title='bbox 2005 443 2316 520; x_wconf 80' lang='lat' dir='ltr'><strong>temporis</strong></span> 
     </span>
     <span class='ocr_line' id='line_1_4' title="bbox 274 520 2322 604; baseline -0.001 -18"><span class='ocrx_word' id='word_1_23' title='bbox 274 523 444 586; x_wconf 69' lang='lat' dir='ltr'><strong>Nero</strong></span> <span class='ocrx_word' id='word_1_24' title='bbox 483 539 593 601; x_wconf 89' lang='lat' dir='ltr'><strong>per</strong></span> <span class='ocrx_word' id='word_1_25' title='bbox 631 520 819 582; x_wconf 80' lang='lat' dir='ltr'><strong>vinum</strong></span> <span class='ocrx_word' id='word_1_26' title='bbox 864 531 923 582; x_wconf 87' lang='lat' dir='ltr'><strong>et</strong></span> <span class='ocrx_word' id='word_1_27' title='bbox 966 523 1169 602; x_wconf 83' lang='lat' dir='ltr'><strong>epulas</strong></span> <span class='ocrx_word' id='word_1_28' title='bbox 1200 522 1624 600; x_wconf 80' lang='lat' dir='ltr'><strong>incalesceret,</strong></span> <span class='ocrx_word' id='word_1_29' title='bbox 1675 525 1914 586; x_wconf 79' lang='lat' dir='ltr'><strong>offerret</strong></span> <span class='ocrx_word' id='word_1_30' title='bbox 1949 542 2018 583; x_wconf 90' lang='lat' dir='ltr'><strong>se</strong></span> <span class='ocrx_word' id='word_1_31' title='bbox 2049 528 2322 604; x_wconf 84' lang='lat' dir='ltr'><strong>saepius-</strong></span> 
     </span>
     <span class='ocr_line' id='line_1_5' title="bbox 285 591 2308 686; baseline 0.001 -18"><span class='ocrx_word' id='word_1_32' title='bbox 285 591 596 677; x_wconf 69' lang='lat' dir='ltr'><strong>tenimento</strong></span> <span class='ocrx_word' id='word_1_33' title='bbox 624 613 925 684; x_wconf 79' lang='lat' dir='ltr'><strong>comptam.</strong></span> <span class='ocrx_word' id='word_1_34' title='bbox 936 615 996 667; x_wconf 84' lang='lat' dir='ltr'><strong>et</strong></span> <span class='ocrx_word' id='word_1_35' title='bbox 1019 608 1244 666; x_wconf 88' lang='lat' dir='ltr'><strong>incesto</strong></span> <span class='ocrx_word' id='word_1_36' title='bbox 1270 615 1544 686; x_wconf 87' lang='lat' dir='ltr'><strong>paratam.</strong></span> <span class='ocrx_word' id='word_1_37' title='bbox 1578 609 1804 686; x_wconf 80' lang='lat' dir='ltr'><strong>iamque</strong></span> <span class='ocrx_word' id='word_1_38' title='bbox 1833 609 2059 670; x_wconf 85' lang='lat' dir='ltr'><strong>lasciva</strong></span> <span class='ocrx_word' id='word_1_39' title='bbox 2083 610 2308 670; x_wconf 84' lang='lat' dir='ltr'><strong>oscula</strong></span> 
     </span>
    </p>

    <p class='ocr_par' dir='ltr' id='par_1_3' title="bbox 236 688 2305 1109">
     <span class='ocr_line' id='line_1_6' title="bbox 236 688 2305 772; baseline 0.001 -21"><span class='ocrx_word' id='word_1_40' title='bbox 236 711 261 750; x_wconf 79' lang='lat'><strong>5</strong></span> <span class='ocrx_word' id='word_1_41' title='bbox 288 701 351 751; x_wconf 81' lang='lat' dir='ltr'><strong>et</strong></span> <span class='ocrx_word' id='word_1_42' title='bbox 389 691 756 771; x_wconf 78' lang='lat' dir='ltr'><strong>praenuntias</strong></span> <span class='ocrx_word' id='word_1_43' title='bbox 795 688 1001 768; x_wconf 86' lang='lat' dir='ltr'><strong>flagitii</strong></span> <span class='ocrx_word' id='word_1_44' title='bbox 1039 690 1346 752; x_wconf 78' lang='lat' dir='ltr'><strong>blanditias</strong></span> <span class='ocrx_word' id='word_1_45' title='bbox 1389 692 1802 754; x_wconf 75' lang='lat' dir='ltr'><strong>adnotant-ibas</strong></span> <span class='ocrx_word' id='word_1_46' title='bbox 1819 693 2133 772; x_wconf 76' lang='lat' dir='ltr'><strong>proximis,</strong></span> <span class='ocrx_word' id='word_1_47' title='bbox 2183 694 2305 754; x_wconf 88' lang='lat' dir='ltr'><strong>Se-</strong></span> 
     </span>
     <span class='ocr_line' id='line_1_7' title="bbox 283 774 2300 858; baseline 0.001 -23"><span class='ocrx_word' id='word_1_48' title='bbox 283 793 486 836; x_wconf 86' lang='lat' dir='ltr'><strong>necam</strong></span> <span class='ocrx_word' id='word_1_49' title='bbox 534 782 733 834; x_wconf 86' lang='lat' dir='ltr'><strong>contra</strong></span> <span class='ocrx_word' id='word_1_50' title='bbox 774 774 1087 834; x_wconf 81' lang='lat' dir='ltr'><strong>muliebres</strong></span> <span class='ocrx_word' id='word_1_51' title='bbox 1136 775 1464 834; x_wconf 76' lang='lat' dir='ltr'><strong>inlecebras</strong></span> <span class='ocrx_word' id='word_1_52' title='bbox 1505 775 1817 839; x_wconf 85' lang='lat' dir='ltr'><strong>subsidium</strong></span> <span class='ocrx_word' id='word_1_53' title='bbox 1851 795 1882 835; x_wconf 87' lang='lat' dir='ltr'><strong>a</strong></span> <span class='ocrx_word' id='word_1_54' title='bbox 1928 776 2150 836; x_wconf 84' lang='lat' dir='ltr'><strong>femina</strong></span> <span class='ocrx_word' id='word_1_55' title='bbox 2187 795 2300 858; x_wconf 89' lang='lat' dir='ltr'><strong>pe-</strong></span> 
     </span>
     <span class='ocr_line' id='line_1_8' title="bbox 282 853 2292 939; baseline 0 -19"><span class='ocrx_word' id='word_1_56' title='bbox 282 861 505 936; x_wconf 84' lang='lat' dir='ltr'><strong>tivisse,</strong></span> <span class='ocrx_word' id='word_1_57' title='bbox 536 859 942 938; x_wconf 87' lang='lat' dir='ltr'><strong>inmissamque</strong></span> <span class='ocrx_word' id='word_1_58' title='bbox 971 853 1160 918; x_wconf 86' lang='lat' dir='ltr'><strong>Acte&#39;n</strong></span> <span class='ocrx_word' id='word_1_59' title='bbox 1190 858 1478 937; x_wconf 83' lang='lat' dir='ltr'><strong>libertam,</strong></span> <span class='ocrx_word' id='word_1_60' title='bbox 1509 871 1658 939; x_wconf 88' lang='lat' dir='ltr'><strong>quae</strong></span> <span class='ocrx_word' id='word_1_61' title='bbox 1692 859 1858 922; x_wconf 89' lang='lat' dir='ltr'><strong>simul</strong></span> <span class='ocrx_word' id='word_1_62' title='bbox 1883 877 1990 920; x_wconf 88' lang='lat' dir='ltr'><strong>suo</strong></span> <span class='ocrx_word' id='word_1_63' title='bbox 2017 861 2292 938; x_wconf 82' lang='lat' dir='ltr'><strong>periculo</strong></span> 
     </span>
     <span class='ocr_line' id='line_1_9' title="bbox 283 941 2293 1026; baseline -0.001 -20"><span class='ocrx_word' id='word_1_64' title='bbox 283 953 342 1006; x_wconf 85' lang='lat' dir='ltr'><strong>et</strong></span> <span class='ocrx_word' id='word_1_65' title='bbox 368 943 599 1008; x_wconf 84' lang='lat' dir='ltr'><strong>infamia</strong></span> <span class='ocrx_word' id='word_1_66' title='bbox 626 941 879 1003; x_wconf 90' lang='lat' dir='ltr'><strong>Neronis</strong></span> <span class='ocrx_word' id='word_1_67' title='bbox 909 943 1077 1006; x_wconf 83' lang='lat' dir='ltr'><strong>anxia</strong></span> <span class='ocrx_word' id='word_1_68' title='bbox 1111 943 1368 1008; x_wconf 85' lang='lat' dir='ltr'><strong>deferret</strong></span> <span class='ocrx_word' id='word_1_69' title='bbox 1396 945 1796 1024; x_wconf 85' lang='lat' dir='ltr'><strong>pervulgatum</strong></span> <span class='ocrx_word' id='word_1_70' title='bbox 1833 963 1967 1007; x_wconf 89' lang='lat' dir='ltr'><strong>esse</strong></span> <span class='ocrx_word' id='word_1_71' title='bbox 2001 946 2293 1026; x_wconf 82' lang='lat' dir='ltr'><strong>incestum</strong></span> 
     </span>
     <span class='ocr_line' id='line_1_10' title="bbox 283 1018 2294 1109; baseline 0 -21"><span class='ocrx_word' id='word_1_72' title='bbox 283 1030 573 1106; x_wconf 73' lang='lat' dir='ltr'><strong>gloriante</strong></span> <span class='ocrx_word' id='word_1_73' title='bbox 600 1036 811 1104; x_wconf 81' lang='lat' dir='ltr'><strong>matre,</strong></span> <span class='ocrx_word' id='word_1_74' title='bbox 842 1045 955 1088; x_wconf 82' lang='lat' dir='ltr'><strong>nec</strong></span> <span class='ocrx_word' id='word_1_75' title='bbox 988 1024 1342 1090; x_wconf 68' lang='lat' dir='ltr'><strong>toleraturos</strong></span> <span class='ocrx_word' id='word_1_76' title='bbox 1373 1028 1587 1090; x_wconf 82' lang='lat' dir='ltr'><strong>milites</strong></span> <span class='ocrx_word' id='word_1_77' title='bbox 1617 1028 1847 1109; x_wconf 81' lang='lat' dir='ltr'><strong>profani</strong></span> <span class='ocrx_word' id='word_1_78' title='bbox 1877 1018 2156 1108; x_wconf 80' lang='lat' dir='ltr'><strong>principis</strong></span> <span class='ocrx_word' id='word_1_79' title='bbox 2187 1031 2294 1088; x_wconf 88' lang='lat' dir='ltr'><strong>im·-</strong></span> 
     </span>
    </p>

    <p class='ocr_par' dir='ltr' id='par_1_4' title="bbox 212 1111 2297 1444">
     <span class='ocr_line' id='line_1_11' title="bbox 212 1111 2297 1193; baseline -0.001 -20"><span class='ocrx_word' id='word_1_80' title='bbox 212 1131 263 1173; x_wconf 88' lang='lat'><strong>10</strong></span> <span class='ocrx_word' id='word_1_81' title='bbox 282 1114 521 1192; x_wconf 79' lang='lat' dir='ltr'><strong>perium.</strong></span> <span class='ocrx_word' id='word_1_82' title='bbox 580 1111 793 1172; x_wconf 86' lang='lat' dir='ltr'><strong>Fabius</strong></span> <span class='ocrx_word' id='word_1_83' title='bbox 835 1112 1109 1172; x_wconf 81' lang='lat' dir='ltr'><strong>Rusticus</strong></span> <span class='ocrx_word' id='word_1_84' title='bbox 1146 1129 1264 1172; x_wconf 91' lang='lat' dir='ltr'><strong>non</strong></span> <span class='ocrx_word' id='word_1_85' title='bbox 1305 1111 1664 1193; x_wconf 82' lang='lat' dir='ltr'><strong>Agrippinae</strong></span> <span class='ocrx_word' id='word_1_86' title='bbox 1718 1113 1824 1172; x_wconf 87' lang='lat' dir='ltr'><strong>sed</strong></span> <span class='ocrx_word' id='word_1_87' title='bbox 1868 1111 2088 1172; x_wconf 83' lang='lat' dir='ltr'><strong>Neroni</strong></span> <span class='ocrx_word' id='word_1_88' title='bbox 2125 1115 2297 1191; x_wconf 86' lang='lat' dir='ltr'><strong>cupi·</strong></span> 
     </span>
     <span class='ocr_line' id='line_1_12' title="bbox 280 1195 2286 1277; baseline -0 -20"><span class='ocrx_word' id='word_1_89' title='bbox 280 1206 395 1257; x_wconf 89' lang='lat' dir='ltr'><strong>tum</strong></span> <span class='ocrx_word' id='word_1_90' title='bbox 425 1197 483 1258; x_wconf 92' lang='lat' dir='ltr'><strong>id</strong></span> <span class='ocrx_word' id='word_1_91' title='bbox 512 1205 794 1256; x_wconf 86' lang='lat' dir='ltr'><strong>memorat</strong></span> <span class='ocrx_word' id='word_1_92' title='bbox 824 1196 1196 1277; x_wconf 85' lang='lat' dir='ltr'><strong>eiusdemque</strong></span> <span class='ocrx_word' id='word_1_93' title='bbox 1216 1195 1465 1256; x_wconf 72' lang='lat' dir='ltr'><strong>libertae</strong></span> <span class='ocrx_word' id='word_1_94' title='bbox 1490 1207 1621 1258; x_wconf 88' lang='lat' dir='ltr'><strong>astu</strong></span> <span class='ocrx_word' id='word_1_95' title='bbox 1641 1196 1959 1257; x_wconf 82' lang='lat' dir='ltr'><strong>disiectum.</strong></span> <span class='ocrx_word' id='word_1_96' title='bbox 1993 1196 2099 1256; x_wconf 88' lang='lat' dir='ltr'><strong>sed</strong></span> <span class='ocrx_word' id='word_1_97' title='bbox 2129 1213 2286 1275; x_wconf 81' lang='lat' dir='ltr'><strong>quae</strong></span> 
     </span>
     <span class='ocr_line' id='line_1_13' title="bbox 283 1280 2286 1380; baseline -0.002 -37"><span class='ocrx_word' id='word_1_98' title='bbox 283 1280 549 1356; x_wconf 79' lang='lat' dir='ltr'><strong>Cluvius,</strong></span> <span class='ocrx_word' id='word_1_99' title='bbox 598 1282 801 1341; x_wconf 89' lang='lat' dir='ltr'><strong>eadem</strong></span> <span class='ocrx_word' id='word_1_100' title='bbox 844 1283 1025 1350; x_wconf 80' lang='lat' dir='ltr'><strong>ceteri</strong></span> <span class='ocrx_word' id='word_1_101' title='bbox 1068 1298 1301 1380; x_wconf 75' lang='lat' dir='ltr'><strong>quoque</strong></span> <span class='ocrx_word' id='word_1_102' title='bbox 1345 1290 1614 1342; x_wconf 85' lang='lat' dir='ltr'><strong>auctores</strong></span> <span class='ocrx_word' id='word_1_103' title='bbox 1648 1280 2000 1360; x_wconf 82' lang='lat' dir='ltr'><strong>prodidere,</strong></span> <span class='ocrx_word' id='word_1_104' title='bbox 2043 1288 2102 1339; x_wconf 86' lang='lat' dir='ltr'><strong>et</strong></span> <span class='ocrx_word' id='word_1_105' title='bbox 2127 1280 2286 1339; x_wconf 86' lang='lat' dir='ltr'><strong>fama</strong></span> 
     </span>
     <span class='ocr_line' id='line_1_14' title="bbox 279 1325 2282 1490; baseline -0.003 -63"><span class='ocrx_word' id='word_1_106' title='bbox 279 1365 393 1427; x_wconf 82' lang='lat' dir='ltr'><strong>huc</strong></span> <span class='ocrx_word' id='word_1_107' title='bbox 432 1364 698 1441; x_wconf 87' lang='lat' dir='ltr'><strong>inclinat,</strong></span> <span class='ocrx_word' id='word_1_108' title='bbox 744 1383 849 1424; x_wconf 90' lang='lat' dir='ltr'><strong>seu</strong></span> <span class='ocrx_word' id='word_1_109' title='bbox 875 1364 1157 1490; x_wconf 81' lang='lat' dir='ltr'><strong>concepit</strong></span> <span class='ocrx_word' id='word_1_110' title='bbox 1200 1366 1388 1425; x_wconf 85' lang='lat' dir='ltr'><strong>animo</strong></span> <span class='ocrx_word' id='word_1_111' title='bbox 1435 1375 1652 1426; x_wconf 84' lang='lat' dir='ltr'><strong>tantum</strong></span> <span class='ocrx_word' id='word_1_112' title='bbox 1693 1325 2034 1427; x_wconf 77' lang='lat' dir='ltr'><strong>inmanitatis</strong></span> <span class='ocrx_word' id='word_1_113' title='bbox 2064 1363 2282 1443; x_wconf 82' lang='lat' dir='ltr'><strong>Agrip-</strong></span> 
     </span>
    </p>

    <p class='ocr_par' dir='ltr' id='par_1_5' title="bbox 212 1493 2290 1782">
     <span class='ocr_line' id='line_1_15' title="bbox 212 1493 2288 1614; baseline 0.002 -27"><span class='ocrx_word' id='word_1_114' title='bbox 212 1547 262 1590; x_wconf 81' lang='lat'><strong>15</strong></span> <span class='ocrx_word' id='word_1_115' title='bbox 280 1549 431 1612; x_wconf 80' lang='lat' dir='ltr'><strong>quae</strong></span> <span class='ocrx_word' id='word_1_116' title='bbox 431 1493 814 1610; x_wconf 88' lang='lat' dir='ltr'><strong>puellaribus</strong></span> <span class='ocrx_word' id='word_1_117' title='bbox 844 1533 1007 1591; x_wconf 87' lang='lat' dir='ltr'><strong>annis</strong></span> <span class='ocrx_word' id='word_1_118' title='bbox 1038 1541 1294 1610; x_wconf 86' lang='lat' dir='ltr'><strong>stuprum</strong></span> <span class='ocrx_word' id='word_1_119' title='bbox 1327 1551 1453 1593; x_wconf 87' lang='lat' dir='ltr'><strong>cum</strong></span> <span class='ocrx_word' id='word_1_120' title='bbox 1481 1511 1704 1613; x_wconf 77' lang='lat' dir='ltr'><strong>Lepido</strong></span> <span class='ocrx_word' id='word_1_121' title='bbox 1738 1552 1844 1614; x_wconf 87' lang='lat' dir='ltr'><strong>spe</strong></span> <span class='ocrx_word' id='word_1_122' title='bbox 1875 1533 2288 1592; x_wconf 87' lang='lat' dir='ltr'><strong>dominationis</strong></span> 
     </span>
     <span class='ocr_line' id='line_1_16' title="bbox 279 1615 2290 1696; baseline -0 -20"><span class='ocrx_word' id='word_1_123' title='bbox 279 1616 619 1691; x_wconf 87' lang='lat' dir='ltr'><strong>admiserat,</strong></span> <span class='ocrx_word' id='word_1_124' title='bbox 666 1617 790 1694; x_wconf 87' lang='lat' dir='ltr'><strong>pari</strong></span> <span class='ocrx_word' id='word_1_125' title='bbox 829 1615 1099 1696; x_wconf 89' lang='lat' dir='ltr'><strong>cupidine</strong></span> <span class='ocrx_word' id='word_1_126' title='bbox 1138 1635 1325 1694; x_wconf 75' lang='lat' dir='ltr'><strong>usque</strong></span> <span class='ocrx_word' id='word_1_127' title='bbox 1370 1618 1441 1676; x_wconf 88' lang='lat' dir='ltr'><strong>ad</strong></span> <span class='ocrx_word' id='word_1_128' title='bbox 1472 1617 1631 1678; x_wconf 89' lang='lat' dir='ltr'><strong>libita</strong></span> <span class='ocrx_word' id='word_1_129' title='bbox 1661 1617 1936 1678; x_wconf 89' lang='lat' dir='ltr'><strong>Pallantis</strong></span> <span class='ocrx_word' id='word_1_130' title='bbox 1969 1617 2290 1695; x_wconf 84' lang='lat' dir='ltr'><strong>provoluta</strong></span> 
     </span>
     <span class='ocr_line' id='line_1_17' title="bbox 282 1699 1715 1782; baseline 0.001 -22"><span class='ocrx_word' id='word_1_131' title='bbox 282 1709 348 1760; x_wconf 85' lang='lat' dir='ltr'><strong>et</strong></span> <span class='ocrx_word' id='word_1_132' title='bbox 374 1700 632 1762; x_wconf 83' lang='lat' dir='ltr'><strong>exercita</strong></span> <span class='ocrx_word' id='word_1_133' title='bbox 663 1699 745 1762; x_wconf 85' lang='lat' dir='ltr'><strong>ad</strong></span> <span class='ocrx_word' id='word_1_134' title='bbox 764 1716 932 1760; x_wconf 86' lang='lat' dir='ltr'><strong>omne</strong></span> <span class='ocrx_word' id='word_1_135' title='bbox 963 1701 1237 1777; x_wconf 86' lang='lat' dir='ltr'><strong>flagitium</strong></span> <span class='ocrx_word' id='word_1_136' title='bbox 1270 1703 1456 1778; x_wconf 81' lang='lat' dir='ltr'><strong>patrui</strong></span> <span class='ocrx_word' id='word_1_137' title='bbox 1485 1703 1715 1782; x_wconf 85' lang='lat' dir='ltr'><strong>nuptiis.</strong></span> 
     </span>
    </p>

    <p class='ocr_par' dir='ltr' id='par_1_6' title="bbox 281 1783 2286 2034">
     <span class='ocr_line' id='line_1_18' title="bbox 404 1783 2286 1864; baseline -0.002 -19"><span class='ocrx_word' id='word_1_138' title='bbox 404 1785 463 1845; x_wconf 89' lang='lat'><strong>3.</strong></span> <span class='ocrx_word' id='word_1_139' title='bbox 502 1783 689 1862; x_wconf 83' lang='lat' dir='ltr'><strong>Igitur</strong></span> <span class='ocrx_word' id='word_1_140' title='bbox 724 1783 883 1843; x_wconf 82' lang='lat' dir='ltr'><strong>Nero</strong></span> <span class='ocrx_word' id='word_1_141' title='bbox 928 1785 1113 1844; x_wconf 78' lang='lat' dir='ltr'><strong>vitare</strong></span> <span class='ocrx_word' id='word_1_142' title='bbox 1156 1792 1424 1845; x_wconf 87' lang='lat' dir='ltr'><strong>secretos</strong></span> <span class='ocrx_word' id='word_1_143' title='bbox 1469 1789 1597 1847; x_wconf 88' lang='lat' dir='ltr'><strong>eius</strong></span> <span class='ocrx_word' id='word_1_144' title='bbox 1633 1801 2020 1864; x_wconf 81' lang='lat' dir='ltr'><strong>congressus,</strong></span> <span class='ocrx_word' id='word_1_145' title='bbox 2074 1783 2286 1844; x_wconf 87' lang='lat' dir='ltr'><strong>absce-</strong></span> 
     </span>
     <span class='ocr_line' id='line_1_19' title="bbox 282 1855 2286 1945; baseline -0 -18"><span class='ocrx_word' id='word_1_146' title='bbox 282 1855 511 1928; x_wconf 80' lang='lat' dir='ltr'><strong>dentem</strong></span> <span class='ocrx_word' id='word_1_147' title='bbox 563 1868 621 1926; x_wconf 90' lang='lat' dir='ltr'><strong>in</strong></span> <span class='ocrx_word' id='word_1_148' title='bbox 663 1868 867 1928; x_wconf 85' lang='lat' dir='ltr'><strong>hortos</strong></span> <span class='ocrx_word' id='word_1_149' title='bbox 921 1877 1017 1928; x_wconf 88' lang='lat' dir='ltr'><strong>aut</strong></span> <span class='ocrx_word' id='word_1_150' title='bbox 1052 1869 1436 1929; x_wconf 82' lang='lat' dir='ltr'><strong>Tusculanum</strong></span> <span class='ocrx_word' id='word_1_151' title='bbox 1491 1870 1600 1930; x_wconf 82' lang='lat' dir='ltr'><strong>vel</strong></span> <span class='ocrx_word' id='word_1_152' title='bbox 1630 1870 1919 1930; x_wconf 82' lang='lat' dir='ltr'><strong>Antiatem</strong></span> <span class='ocrx_word' id='word_1_153' title='bbox 1974 1870 2033 1926; x_wconf 89' lang='lat' dir='ltr'><strong>in</strong></span> <span class='ocrx_word' id='word_1_154' title='bbox 2076 1885 2286 1945; x_wconf 83' lang='lat' dir='ltr'><strong>agrum</strong></span> 
     </span>
     <span class='ocr_line' id='line_1_20' title="bbox 281 1943 2282 2034; baseline 0 -21"><span class='ocrx_word' id='word_1_155' title='bbox 281 1943 537 2031; x_wconf 82' lang='lat' dir='ltr'><strong>laudare,</strong></span> <span class='ocrx_word' id='word_1_156' title='bbox 564 1953 721 2032; x_wconf 86' lang='lat' dir='ltr'><strong>quod</strong></span> <span class='ocrx_word' id='word_1_157' title='bbox 745 1953 921 2013; x_wconf 90' lang='lat' dir='ltr'><strong>otium</strong></span> <span class='ocrx_word' id='word_1_158' title='bbox 947 1961 1305 2033; x_wconf 83' lang='lat' dir='ltr'><strong>capesseret.</strong></span> <span class='ocrx_word' id='word_1_159' title='bbox 1363 1963 1688 2034; x_wconf 90' lang='lat' dir='ltr'><strong>postremo,</strong></span> <span class='ocrx_word' id='word_1_160' title='bbox 1719 1953 2063 2033; x_wconf 82' lang='lat' dir='ltr'><strong>ubicumque</strong></span> <span class='ocrx_word' id='word_1_161' title='bbox 2096 1951 2282 2013; x_wconf 88' lang='lat' dir='ltr'><strong>habe-</strong></span> 
     </span>
    </p>

    <p class='ocr_par' dir='ltr' id='par_1_7' title="bbox 210 2037 2285 2119">
     <span class='ocr_line' id='line_1_21' title="bbox 210 2037 2285 2119; baseline 0 -22"><span class='ocrx_word' id='word_1_162' title='bbox 210 2064 217 2077; x_wconf 49' lang='grc' dir='ltr'><strong>ι</strong></span> <span class='ocrx_word' id='word_1_163' title='bbox 277 2048 457 2114; x_wconf 86' lang='lat' dir='ltr'><strong>retur,</strong></span> <span class='ocrx_word' id='word_1_164' title='bbox 500 2056 897 2119; x_wconf 84' lang='lat' dir='ltr'><strong>praegravem</strong></span> <span class='ocrx_word' id='word_1_165' title='bbox 915 2047 1075 2098; x_wconf 89' lang='lat' dir='ltr'><strong>ratus</strong></span> <span class='ocrx_word' id='word_1_166' title='bbox 1107 2039 1438 2100; x_wconf 82' lang='lat' dir='ltr'><strong>interlicere</strong></span> <span class='ocrx_word' id='word_1_167' title='bbox 1470 2040 1795 2114; x_wconf 86' lang='lat' dir='ltr'><strong>constituit,</strong></span> <span class='ocrx_word' id='word_1_168' title='bbox 1826 2037 2106 2099; x_wconf 87' lang='lat' dir='ltr'><strong>hactenus</strong></span> <span class='ocrx_word' id='word_1_169' title='bbox 2142 2054 2285 2099; x_wconf 91' lang='lat' dir='ltr'><strong>con-</strong></span> 
     </span>
    </p>

    <p class='ocr_par' dir='ltr' id='par_1_8' title="bbox 230 2085 2290 2538">
     <span class='ocr_line' id='line_1_22' title="bbox 230 2085 2286 2222; baseline 0.002 -45"><span class='ocrx_word' id='word_1_170' title='bbox 230 2138 254 2177; x_wconf 83' lang='lat'><strong>5</strong></span> <span class='ocrx_word' id='word_1_171' title='bbox 279 2122 531 2197; x_wconf 79' lang='lat' dir='ltr'><strong>saltans,</strong></span> <span class='ocrx_word' id='word_1_172' title='bbox 577 2140 804 2182; x_wconf 85' lang='lat' dir='ltr'><strong>veneno</strong></span> <span class='ocrx_word' id='word_1_173' title='bbox 847 2140 918 2181; x_wconf 87' lang='lat' dir='ltr'><strong>an</strong></span> <span class='ocrx_word' id='word_1_174' title='bbox 959 2123 1116 2183; x_wconf 88' lang='lat' dir='ltr'><strong>ferro</strong></span> <span class='ocrx_word' id='word_1_175' title='bbox 1148 2123 1246 2183; x_wconf 84' lang='lat' dir='ltr'><strong>vel</strong></span> <span class='ocrx_word' id='word_1_176' title='bbox 1289 2142 1412 2222; x_wconf 48' lang='lat' dir='ltr'><strong>qua·</strong></span> <span class='ocrx_word' id='word_1_177' title='bbox 1444 2124 1558 2191; x_wconf 85' lang='lat' dir='ltr'><strong>alia</strong></span> <span class='ocrx_word' id='word_1_178' title='bbox 1588 2126 1664 2183; x_wconf 87' lang='lat' dir='ltr'><strong>vi.</strong></span> <span class='ocrx_word' id='word_1_179' title='bbox 1725 2085 2058 2204; x_wconf 82' lang='lat' dir='ltr'><strong>placuitque</strong></span> <span class='ocrx_word' id='word_1_180' title='bbox 2088 2123 2286 2200; x_wconf 87' lang='lat' dir='ltr'><strong>primo</strong></span> 
     </span>
     <span class='ocr_line' id='line_1_23' title="bbox 280 2205 2290 2285; baseline 0 -21"><span class='ocrx_word' id='word_1_181' title='bbox 280 2224 579 2265; x_wconf 87' lang='lat' dir='ltr'><strong>venenum.</strong></span> <span class='ocrx_word' id='word_1_182' title='bbox 641 2205 748 2267; x_wconf 89' lang='lat' dir='ltr'><strong>sed</strong></span> <span class='ocrx_word' id='word_1_183' title='bbox 787 2206 935 2268; x_wconf 84' lang='lat' dir='ltr'><strong>inter</strong></span> <span class='ocrx_word' id='word_1_184' title='bbox 983 2207 1190 2285; x_wconf 83' lang='lat' dir='ltr'><strong>epulas</strong></span> <span class='ocrx_word' id='word_1_185' title='bbox 1228 2208 1506 2285; x_wconf 89' lang='lat' dir='ltr'><strong>principis</strong></span> <span class='ocrx_word' id='word_1_186' title='bbox 1549 2209 1599 2267; x_wconf 87' lang='lat' dir='ltr'><strong>si</strong></span> <span class='ocrx_word' id='word_1_187' title='bbox 1639 2206 1904 2283; x_wconf 86' lang='lat' dir='ltr'><strong>daretur,</strong></span> <span class='ocrx_word' id='word_1_188' title='bbox 1951 2205 2168 2265; x_wconf 87' lang='lat' dir='ltr'><strong>referri</strong></span> <span class='ocrx_word' id='word_1_189' title='bbox 2207 2206 2290 2265; x_wconf 86' lang='lat' dir='ltr'><strong>ad</strong></span> 
     </span>
     <span class='ocr_line' id='line_1_24' title="bbox 280 2290 2284 2368; baseline 0 -21"><span class='ocrx_word' id='word_1_190' title='bbox 280 2306 476 2349; x_wconf 84' lang='lat' dir='ltr'><strong>casum</strong></span> <span class='ocrx_word' id='word_1_191' title='bbox 518 2304 632 2349; x_wconf 92' lang='lat' dir='ltr'><strong>non</strong></span> <span class='ocrx_word' id='word_1_192' title='bbox 676 2298 907 2368; x_wconf 85' lang='lat' dir='ltr'><strong>potera-t</strong></span> <span class='ocrx_word' id='word_1_193' title='bbox 948 2291 1049 2351; x_wconf 86' lang='lat' dir='ltr'><strong>tali</strong></span> <span class='ocrx_word' id='word_1_194' title='bbox 1088 2292 1199 2353; x_wconf 86' lang='lat' dir='ltr'><strong>iam</strong></span> <span class='ocrx_word' id='word_1_195' title='bbox 1236 2291 1552 2353; x_wconf 84' lang='lat' dir='ltr'><strong>Britannici</strong></span> <span class='ocrx_word' id='word_1_196' title='bbox 1605 2291 1814 2360; x_wconf 87' lang='lat' dir='ltr'><strong>exitio;</strong></span> <span class='ocrx_word' id='word_1_197' title='bbox 1877 2300 1935 2349; x_wconf 85' lang='lat' dir='ltr'><strong>et</strong></span> <span class='ocrx_word' id='word_1_198' title='bbox 1980 2290 2284 2349; x_wconf 83' lang='lat' dir='ltr'><strong>ministros</strong></span> 
     </span>
     <span class='ocr_line' id='line_1_25' title="bbox 278 2370 2280 2451; baseline -0 -19"><span class='ocrx_word' id='word_1_199' title='bbox 278 2382 562 2451; x_wconf 87' lang='lat' dir='ltr'><strong>temptare</strong></span> <span class='ocrx_word' id='word_1_200' title='bbox 606 2370 839 2436; x_wconf 84' lang='lat' dir='ltr'><strong>arduum</strong></span> <span class='ocrx_word' id='word_1_201' title='bbox 886 2373 1189 2435; x_wconf 84' lang='lat' dir='ltr'><strong>videbatur</strong></span> <span class='ocrx_word' id='word_1_202' title='bbox 1214 2376 1471 2438; x_wconf 87' lang='lat' dir='ltr'><strong>mulieris</strong></span> <span class='ocrx_word' id='word_1_203' title='bbox 1513 2394 1618 2438; x_wconf 83' lang='lat' dir='ltr'><strong>usu</strong></span> <span class='ocrx_word' id='word_1_204' title='bbox 1661 2375 1948 2435; x_wconf 86' lang='lat' dir='ltr'><strong>scelerum</strong></span> <span class='ocrx_word' id='word_1_205' title='bbox 1991 2372 2280 2447; x_wconf 84' lang='lat' dir='ltr'><strong>adversus</strong></span> 
     </span>
     <span class='ocr_line' id='line_1_26' title="bbox 276 2456 2278 2538; baseline 0 -23"><span class='ocrx_word' id='word_1_206' title='bbox 276 2456 509 2517; x_wconf 86' lang='lat' dir='ltr'><strong>insidias</strong></span> <span class='ocrx_word' id='word_1_207' title='bbox 537 2457 817 2528; x_wconf 84' lang='lat' dir='ltr'><strong>intentae;</strong></span> <span class='ocrx_word' id='word_1_208' title='bbox 865 2468 1039 2536; x_wconf 87' lang='lat' dir='ltr'><strong>atque</strong></span> <span class='ocrx_word' id='word_1_209' title='bbox 1084 2460 1210 2537; x_wconf 87' lang='lat' dir='ltr'><strong>ipsa</strong></span> <span class='ocrx_word' id='word_1_210' title='bbox 1245 2459 1666 2538; x_wconf 83' lang='lat' dir='ltr'><strong>praesumendo</strong></span> <span class='ocrx_word' id='word_1_211' title='bbox 1707 2458 1964 2519; x_wconf 89' lang='lat' dir='ltr'><strong>remedia</strong></span> <span class='ocrx_word' id='word_1_212' title='bbox 1997 2458 2278 2517; x_wconf 84' lang='lat' dir='ltr'><strong>munierat</strong></span> 
     </span>
    </p>

    <p class='ocr_par' dir='ltr' id='par_1_9' title="bbox 210 2542 2278 2958">
     <span class='ocr_line' id='line_1_27' title="bbox 210 2542 2274 2622; baseline -0.001 -20"><span class='ocrx_word' id='word_1_213' title='bbox 210 2560 259 2602; x_wconf 86' lang='lat'><strong>10</strong></span> <span class='ocrx_word' id='word_1_214' title='bbox 280 2558 510 2621; x_wconf 84' lang='lat' dir='ltr'><strong>corpus.</strong></span> <span class='ocrx_word' id='word_1_215' title='bbox 568 2542 785 2603; x_wconf 87' lang='lat' dir='ltr'><strong>ferrum</strong></span> <span class='ocrx_word' id='word_1_216' title='bbox 815 2552 873 2603; x_wconf 90' lang='lat' dir='ltr'><strong>et</strong></span> <span class='ocrx_word' id='word_1_217' title='bbox 908 2542 1129 2603; x_wconf 82' lang='lat' dir='ltr'><strong>caedes</strong></span> <span class='ocrx_word' id='word_1_218' title='bbox 1154 2562 1404 2622; x_wconf 85' lang='lat' dir='ltr'><strong>quonam</strong></span> <span class='ocrx_word' id='word_1_219' title='bbox 1435 2542 1606 2612; x_wconf 88' lang='lat' dir='ltr'><strong>modo</strong></span> <span class='ocrx_word' id='word_1_220' title='bbox 1643 2544 2068 2618; x_wconf 87' lang='lat' dir='ltr'><strong>occultaretur,</strong></span> <span class='ocrx_word' id='word_1_221' title='bbox 2099 2557 2274 2601; x_wconf 87' lang='lat' dir='ltr'><strong>nemo</strong></span> 
     </span>
     <span class='ocr_line' id='line_1_28' title="bbox 276 2615 2272 2705; baseline 0.001 -22"><span class='ocrx_word' id='word_1_222' title='bbox 276 2615 639 2705; x_wconf 85' lang='lat' dir='ltr'><strong>reperiebat3</strong></span> <span class='ocrx_word' id='word_1_223' title='bbox 686 2636 744 2687; x_wconf 88' lang='lat' dir='ltr'><strong>et</strong></span> <span class='ocrx_word' id='word_1_224' title='bbox 772 2646 847 2687; x_wconf 88' lang='lat' dir='ltr'><strong>ne</strong></span> <span class='ocrx_word' id='word_1_225' title='bbox 878 2628 1003 2705; x_wconf 89' lang='lat' dir='ltr'><strong>quis</strong></span> <span class='ocrx_word' id='word_1_226' title='bbox 1034 2627 1129 2693; x_wconf 90' lang='lat' dir='ltr'><strong>illi</strong></span> <span class='ocrx_word' id='word_1_227' title='bbox 1156 2636 1313 2689; x_wconf 89' lang='lat' dir='ltr'><strong>tanto</strong></span> <span class='ocrx_word' id='word_1_228' title='bbox 1347 2627 1592 2689; x_wconf 80' lang='lat' dir='ltr'><strong>facinori</strong></span> <span class='ocrx_word' id='word_1_229' title='bbox 1626 2628 1894 2689; x_wconf 85' lang='lat' dir='ltr'><strong>delectus</strong></span> <span class='ocrx_word' id='word_1_230' title='bbox 1924 2627 2080 2685; x_wconf 88' lang='lat' dir='ltr'><strong>iussa</strong></span> <span class='ocrx_word' id='word_1_231' title='bbox 2109 2644 2272 2705; x_wconf 84' lang='lat' dir='ltr'><strong>sper-</strong></span> 
     </span>
     <span class='ocr_line' id='line_1_29' title="bbox 275 2710 2273 2789; baseline -0.002 -18"><span class='ocrx_word' id='word_1_232' title='bbox 275 2719 443 2771; x_wconf 85' lang='lat' dir='ltr'><strong>neret</strong></span> <span class='ocrx_word' id='word_1_233' title='bbox 468 2710 813 2774; x_wconf 87' lang='lat' dir='ltr'><strong>metuebant.</strong></span> <span class='ocrx_word' id='word_1_234' title='bbox 880 2710 1085 2775; x_wconf 83' lang='lat' dir='ltr'><strong>obtulit</strong></span> <span class='ocrx_word' id='word_1_235' title='bbox 1122 2712 1428 2789; x_wconf 77' lang='lat' dir='ltr'><strong>ingenium</strong></span> <span class='ocrx_word' id='word_1_236' title='bbox 1454 2712 1734 2777; x_wconf 85' lang='lat' dir='ltr'><strong>Anicetus</strong></span> <span class='ocrx_word' id='word_1_237' title='bbox 1774 2710 2049 2785; x_wconf 85' lang='lat' dir='ltr'><strong>libertus,</strong></span> <span class='ocrx_word' id='word_1_238' title='bbox 2099 2710 2273 2769; x_wconf 87' lang='lat' dir='ltr'><strong>classi</strong></span> 
     </span>
     <span class='ocr_line' id='line_1_30' title="bbox 276 2793 2278 2874; baseline -0.001 -21"><span class='ocrx_word' id='word_1_239' title='bbox 276 2794 428 2874; x_wconf 88' lang='lat' dir='ltr'><strong>apud</strong></span> <span class='ocrx_word' id='word_1_240' title='bbox 470 2794 751 2855; x_wconf 87' lang='lat' dir='ltr'><strong>Misenum</strong></span> <span class='ocrx_word' id='word_1_241' title='bbox 792 2796 1127 2873; x_wconf 87' lang='lat' dir='ltr'><strong>praefectus</strong></span> <span class='ocrx_word' id='word_1_242' title='bbox 1176 2805 1235 2856; x_wconf 91' lang='lat' dir='ltr'><strong>et</strong></span> <span class='ocrx_word' id='word_1_243' title='bbox 1275 2798 1558 2874; x_wconf 86' lang='lat' dir='ltr'><strong>pueritiae</strong></span> <span class='ocrx_word' id='word_1_244' title='bbox 1595 2796 1849 2855; x_wconf 88' lang='lat' dir='ltr'><strong>Neronis</strong></span> <span class='ocrx_word' id='word_1_245' title='bbox 1888 2793 2166 2856; x_wconf 87' lang='lat' dir='ltr'><strong>educator</strong></span> <span class='ocrx_word' id='word_1_246' title='bbox 2205 2810 2278 2851; x_wconf 88' lang='lat' dir='ltr'><strong>ac</strong></span> 
     </span>
     <span class='ocr_line' id='line_1_31' title="bbox 274 2878 2275 2958; baseline 0 -21"><span class='ocrx_word' id='word_1_247' title='bbox 274 2878 479 2939; x_wconf 88' lang='lat' dir='ltr'><strong>mutuis</strong></span> <span class='ocrx_word' id='word_1_248' title='bbox 526 2880 675 2940; x_wconf 86' lang='lat' dir='ltr'><strong>odiis</strong></span> <span class='ocrx_word' id='word_1_249' title='bbox 714 2878 1073 2957; x_wconf 80' lang='lat' dir='ltr'><strong>Agrippinae</strong></span> <span class='ocrx_word' id='word_1_250' title='bbox 1128 2880 1368 2943; x_wconf 83' lang='lat' dir='ltr'><strong>invisus.</strong></span> <span class='ocrx_word' id='word_1_251' title='bbox 1434 2898 1579 2958; x_wconf 90' lang='lat' dir='ltr'><strong>ergo</strong></span> <span class='ocrx_word' id='word_1_252' title='bbox 1630 2897 1835 2939; x_wconf 82' lang='lat' dir='ltr'><strong>navem</strong></span> <span class='ocrx_word' id='word_1_253' title='bbox 1889 2896 2069 2955; x_wconf 88' lang='lat' dir='ltr'><strong>posse</strong></span> <span class='ocrx_word' id='word_1_254' title='bbox 2115 2893 2275 2937; x_wconf 90' lang='lat' dir='ltr'><strong>com·</strong></span> 
     </span>
    </p>
   </div>
   <div class='ocr_carea' id='block_1_3' title="bbox 105 2960 2276 3044">
    <p class='ocr_par' dir='ltr' id='par_1_10' title="bbox 105 2960 2276 3044">
     <span class='ocr_line' id='line_1_32' title="bbox 105 2960 2276 3044; baseline -0.002 -19"><span class='ocrx_word' id='word_1_255' title='bbox 105 3004 108 3010; x_wconf 88' lang='lat'>·</span> <span class='ocrx_word' id='word_1_256' title='bbox 208 2984 259 3025; x_wconf 83' lang='lat'><strong>15</strong></span> <span class='ocrx_word' id='word_1_257' title='bbox 278 2964 414 3042; x_wconf 89' lang='lat' dir='ltr'><strong>poni</strong></span> <span class='ocrx_word' id='word_1_258' title='bbox 456 2963 661 3040; x_wconf 88' lang='lat' dir='ltr'><strong>docet,</strong></span> <span class='ocrx_word' id='word_1_259' title='bbox 706 2963 866 3023; x_wconf 89' lang='lat' dir='ltr'><strong>cuius</strong></span> <span class='ocrx_word' id='word_1_260' title='bbox 911 2981 1047 3041; x_wconf 84' lang='lat' dir='ltr'><strong>pars</strong></span> <span class='ocrx_word' id='word_1_261' title='bbox 1090 2966 1222 3043; x_wconf 89' lang='lat' dir='ltr'><strong>ipso</strong></span> <span class='ocrx_word' id='word_1_262' title='bbox 1255 2966 1314 3025; x_wconf 89' lang='lat' dir='ltr'><strong>in</strong></span> <span class='ocrx_word' id='word_1_263' title='bbox 1343 2966 1486 3027; x_wconf 86' lang='lat' dir='ltr'><strong>mari</strong></span> <span class='ocrx_word' id='word_1_264' title='bbox 1521 2983 1632 3044; x_wconf 75' lang='lat' dir='ltr'><strong>per·</strong></span> <span class='ocrx_word' id='word_1_265' title='bbox 1660 2972 1840 3023; x_wconf 83' lang='lat' dir='ltr'><strong>artem</strong></span> <span class='ocrx_word' id='word_1_266' title='bbox 1871 2961 2060 3023; x_wconf 85' lang='lat' dir='ltr'><strong>soluta</strong></span> <span class='ocrx_word' id='word_1_267' title='bbox 2091 2960 2276 3021; x_wconf 78' lang='lat' dir='ltr'><strong>effun-</strong></span> 
     </span>
    </p>
   </div>
   <div class='ocr_carea' id='block_1_4' title="bbox 241 3046 2278 3548">
    <p class='ocr_par' dir='ltr' id='par_1_11' title="bbox 241 3046 2278 3377">
     <span class='ocr_line' id='line_1_33' title="bbox 241 3046 2278 3127; baseline -0.001 -21"><span class='ocrx_word' id='word_1_268' title='bbox 241 3054 247 3061; x_wconf 83' lang='lat'><em>&#39;</em></span> <span class='ocrx_word' id='word_1_269' title='bbox 277 3047 443 3107; x_wconf 89' lang='lat' dir='ltr'><strong>deret</strong></span> <span class='ocrx_word' id='word_1_270' title='bbox 472 3048 759 3125; x_wconf 84' lang='lat' dir='ltr'><strong>ignaram:</strong></span> <span class='ocrx_word' id='word_1_271' title='bbox 791 3046 930 3107; x_wconf 91' lang='lat' dir='ltr'><strong>nihil</strong></span> <span class='ocrx_word' id='word_1_272' title='bbox 965 3056 1079 3107; x_wconf 88' lang='lat' dir='ltr'><strong>tam</strong></span> <span class='ocrx_word' id='word_1_273' title='bbox 1112 3066 1302 3127; x_wconf 70' lang='lat' dir='ltr'><strong>capax</strong></span> <span class='ocrx_word' id='word_1_274' title='bbox 1327 3049 1692 3109; x_wconf 82' lang='lat' dir='ltr'><strong>fortuitorum</strong></span> <span class='ocrx_word' id='word_1_275' title='bbox 1722 3064 1886 3125; x_wconf 86' lang='lat' dir='ltr'><strong>quam</strong></span> <span class='ocrx_word' id='word_1_276' title='bbox 1908 3063 2098 3115; x_wconf 86' lang='lat' dir='ltr'><strong>mare;</strong></span> <span class='ocrx_word' id='word_1_277' title='bbox 2133 3054 2196 3105; x_wconf 85' lang='lat' dir='ltr'><strong>et</strong></span> <span class='ocrx_word' id='word_1_278' title='bbox 2226 3046 2278 3103; x_wconf 88' lang='lat' dir='ltr'><strong>si</strong></span> 
     </span>
     <span class='ocr_line' id='line_1_34' title="bbox 274 3128 2274 3211; baseline -0.002 -20"><span class='ocrx_word' id='word_1_279' title='bbox 274 3132 575 3209; x_wconf 85' lang='lat' dir='ltr'><strong>naufragio</strong></span> <span class='ocrx_word' id='word_1_280' title='bbox 614 3133 939 3208; x_wconf 86' lang='lat' dir='ltr'><strong>intercepta</strong></span> <span class='ocrx_word' id='word_1_281' title='bbox 987 3133 1090 3209; x_wconf 60' lang='lat' dir='ltr'><strong>sita,</strong></span> <span class='ocrx_word' id='word_1_282' title='bbox 1132 3150 1304 3211; x_wconf 86' lang='lat' dir='ltr'><strong>quem</strong></span> <span class='ocrx_word' id='word_1_283' title='bbox 1333 3132 1480 3194; x_wconf 87' lang='lat' dir='ltr'><strong>adeo</strong></span> <span class='ocrx_word' id='word_1_284' title='bbox 1511 3134 1796 3211; x_wconf 72' lang='lat' dir='ltr'><strong>iniquum,</strong></span> <span class='ocrx_word' id='word_1_285' title='bbox 1834 3139 1894 3190; x_wconf 89' lang='lat' dir='ltr'><strong>ut</strong></span> <span class='ocrx_word' id='word_1_286' title='bbox 1927 3129 2152 3205; x_wconf 48' lang='lat' dir='ltr'><strong>sceleri,</strong></span> <span class='ocrx_word' id='word_1_287' title='bbox 2173 3128 2274 3188; x_wconf 87' lang='lat' dir='ltr'><strong>ad-</strong></span> 
     </span>
     <span class='ocr_line' id='line_1_35' title="bbox 276 3214 2274 3296; baseline 0 -23"><span class='ocrx_word' id='word_1_288' title='bbox 276 3216 465 3291; x_wconf 81' lang='lat' dir='ltr'><strong>signet</strong></span> <span class='ocrx_word' id='word_1_289' title='bbox 494 3215 648 3295; x_wconf 87' lang='lat' dir='ltr'><strong>quod</strong></span> <span class='ocrx_word' id='word_1_290' title='bbox 676 3215 835 3274; x_wconf 85' lang='lat' dir='ltr'><strong>venti</strong></span> <span class='ocrx_word' id='word_1_291' title='bbox 864 3223 923 3273; x_wconf 87' lang='lat' dir='ltr'><strong>et</strong></span> <span class='ocrx_word' id='word_1_292' title='bbox 950 3214 1157 3277; x_wconf 88' lang='lat' dir='ltr'><strong>fluctus</strong></span> <span class='ocrx_word' id='word_1_293' title='bbox 1186 3214 1574 3296; x_wconf 76' lang='lat' dir='ltr'><strong>deliquerint?</strong></span> <span class='ocrx_word' id='word_1_294' title='bbox 1603 3216 1918 3277; x_wconf 85' lang='lat' dir='ltr'><strong>additurum</strong></span> <span class='ocrx_word' id='word_1_295' title='bbox 1943 3214 2274 3293; x_wconf 87' lang='lat' dir='ltr'><strong>principem</strong></span> 
     </span>
     <span class='ocr_line' id='line_1_36' title="bbox 276 3297 2110 3377; baseline -0.002 -19"><span class='ocrx_word' id='word_1_296' title='bbox 276 3298 581 3361; x_wconf 84' lang='lat' dir='ltr'><strong>defunctae</strong></span> <span class='ocrx_word' id='word_1_297' title='bbox 610 3297 885 3377; x_wconf 89' lang='lat' dir='ltr'><strong>templum</strong></span> <span class='ocrx_word' id='word_1_298' title='bbox 913 3308 979 3365; x_wconf 75' lang='lat' dir='ltr'><strong>et,</strong></span> <span class='ocrx_word' id='word_1_299' title='bbox 1002 3308 1135 3361; x_wconf 79' lang='lat' dir='ltr'><strong>aras</strong></span> <span class='ocrx_word' id='word_1_300' title='bbox 1168 3310 1227 3361; x_wconf 90' lang='lat' dir='ltr'><strong>et</strong></span> <span class='ocrx_word' id='word_1_301' title='bbox 1257 3311 1454 3363; x_wconf 81' lang='lat' dir='ltr'><strong>cetera</strong></span> <span class='ocrx_word' id='word_1_302' title='bbox 1486 3298 1861 3362; x_wconf 84' lang='lat' dir='ltr'><strong>ostentandae</strong></span> <span class='ocrx_word' id='word_1_303' title='bbox 1891 3298 2110 3377; x_wconf 84' lang='lat' dir='ltr'><strong>pietati.</strong></span> 
     </span>
    </p>

    <p class='ocr_par' dir='ltr' id='par_1_12' title="bbox 277 3381 2272 3548">
     <span class='ocr_line' id='line_1_37' title="bbox 396 3381 2269 3463; baseline -0.001 -20"><span class='ocrx_word' id='word_1_304' title='bbox 396 3385 456 3443; x_wconf 87' lang='lat'><strong>4.</strong></span> <span class='ocrx_word' id='word_1_305' title='bbox 504 3382 725 3445; x_wconf 86' lang='lat' dir='ltr'><strong>Placuit</strong></span> <span class='ocrx_word' id='word_1_306' title='bbox 770 3382 1061 3460; x_wconf 83' lang='lat' dir='ltr'><strong>sollertia,</strong></span> <span class='ocrx_word' id='word_1_307' title='bbox 1084 3394 1369 3463; x_wconf 41' lang='lat' dir='ltr'><strong>⁵tempore</strong></span> <span class='ocrx_word' id='word_1_308' title='bbox 1419 3386 1588 3446; x_wconf 82' lang='lat' dir='ltr'><strong>etiam</strong></span> <span class='ocrx_word' id='word_1_309' title='bbox 1628 3386 1774 3460; x_wconf 87' lang='lat' dir='ltr'><strong>iuta,</strong></span> <span class='ocrx_word' id='word_1_310' title='bbox 1817 3381 2046 3461; x_wconf 85' lang='lat' dir='ltr'><strong>quando</strong></span> <span class='ocrx_word' id='word_1_311' title='bbox 2091 3382 2269 3459; x_wconf 77' lang='lat' dir='ltr'><strong>Quin-</strong></span> 
     </span>
     <span class='ocr_line' id='line_1_38' title="bbox 277 3464 2272 3548; baseline 0.001 -25"><span class='ocrx_word' id='word_1_312' title='bbox 277 3474 574 3543; x_wconf 85' lang='lat' dir='ltr'><strong>quatruum</strong></span> <span class='ocrx_word' id='word_1_313' title='bbox 613 3466 797 3527; x_wconf 85' lang='lat' dir='ltr'><strong>festos</strong></span> <span class='ocrx_word' id='word_1_314' title='bbox 825 3464 958 3527; x_wconf 82' lang='lat' dir='ltr'><strong>dies</strong></span> <span class='ocrx_word' id='word_1_315' title='bbox 983 3468 1133 3547; x_wconf 89' lang='lat' dir='ltr'><strong>apud</strong></span> <span class='ocrx_word' id='word_1_316' title='bbox 1164 3468 1332 3531; x_wconf 84' lang='lat' dir='ltr'><strong>Baias</strong></span> <span class='ocrx_word' id='word_1_317' title='bbox 1363 3467 1784 3548; x_wconf 84' lang='lat' dir='ltr'><strong>frequentabat.</strong></span> <span class='ocrx_word' id='word_1_318' title='bbox 1845 3464 1984 3525; x_wconf 91' lang='lat' dir='ltr'><strong>illuc</strong></span> <span class='ocrx_word' id='word_1_319' title='bbox 2027 3474 2272 3527; x_wconf 87' lang='lat' dir='ltr'><strong>matrem</strong></span> 
     </span>
    </p>
   </div>
  </div>
 </body>
</html>
