2475 4000
358 177 482 239 260
867 184 1198 289 connnnu
1224 182 1458 230 norm
1479 181 1845 230 ANNALmM

355 341 559 402 attulit.
616 348 886 417 ratusque
919 279 1173 399 dedecus
1204 338 1450 414 molliri,
1498 339 1545 397 si
1583 336 1796 415 plures
1813 335 2148 408 foedasset,
2193 331 2360 392 nobi-

288 425 490 493 15lium
536 423 874 484 familiarum
920 433 1211 501 posteros
1238 430 1506 499 egestate
1546 420 1784 480 venales
1842 421 1898 478 in
1940 435 2214 478 scaenam
2263 416 2360 476 de·

357 508 548 577 duxit;
584 525 732 587 quos
770 509 891 567 fato
927 509 1263 587 perfunctos
1297 524 1370 565 ne
1403 507 1733 567 nominatim
1761 503 2010 577 tradam,
2043 500 2364 560 maioribus

358 610 555 652 eorum
588 591 946 652 tribuendum
988 601 1147 672 puto.
1210 609 1338 652 nam
1385 600 1442 650 et
1484 593 1609 650 eius
1639 589 1915 664 flagitium
1947 595 2069 661 est,
2102 579 2217 664 qui
2259 603 2362 664 pe-

358 677 576 735 cuniam
607 677 682 737 ob
716 677 925 736 delicta
957 678 1149 755 potius
1183 675 1340 735 dedit
1387 693 1554 753 quam
1595 692 1669 732 ne
1701 672 2120 750 delinquerent.
2185 676 2364 729 notos

357 777 583 838 quoque
631 763 858 838 equites
896 761 1191 820 Romanos
1238 777 1453 838 operas
1496 761 1708 818 arenae
1753 756 2090 834 promittere
2125 753 2366 829 subegit

198 857 209 866 “
280 873 336 913 20
356 844 521 904 donis
554 845 916 921 ingentibus,
960 846 1068 904 nisi
1115 843 1270 922 quod
1311 861 1539 903 merces
1581 841 1653 902 ab
1696 858 1769 901 eo
1802 841 1896 919 qui
1927 837 2128 898 iubere
2161 845 2368 916 potest

334 929 467 987 vim
496 929 863 988 necessitatis
896 927 1101 988 adfert.

483 1012 577 1070 15.
616 1011 705 1074 Ne
736 1022 924 1072 tamen
954 1011 1140 1072 adhuc
1176 1011 1452 1091 publico
1439 1009 1668 1079 theatro
1712 1006 2226 1084 dehonestaretur,
2271 1008 2363 1065 in-

352 1096 533 1155 stituit
576 1095 744 1155 ludos
794 1096 1139 1156 iuvenalium
1183 1083 1505 1171 vocabulo,
1563 1097 1621 1154 in
1672 1098 1818 1172 qu'os
1868 1090 2083 1171 passim
2123 1093 2368 1150 nomina

351 1180 502 1238 data.
563 1197 676 1239 non
710 1180 979 1240 nobilitas
1010 1183 1305 1259 cuiquam,
1346 1197 1462 1239 non
1493 1188 1656 1238 aetas
1691 1186 1786 1237 aut
1818 1179 1929 1236 acti
1965 1177 2217 1236 honores
2249 1176 2364 1234 im-

357 1259 707 1348 pedimento,
747 1283 857 1342 quo
890 1267 1073 1323 minus
1104 1264 1314 1325 Graeci
1344 1264 1600 1323 Latinive
1629 1262 1928 1321 histrionis
1972 1269 2144 1320 artem
2179 1277 2364 1318 exer-

301 1372 328 1411 5
358 1355 556 1405 cerent
585 1364 769 1422 usque
798 1349 869 1406 ad
897 1358 1099 1425 gestus
1132 1348 1479 1426 modosque
1475 1345 1636 1406 haud
1665 1346 1884 1405 viriles
1946 1346 2082 1422 quin
2111 1351 2170 1402 et
2190 1342 2364 1402 femi·

353 1446 461 1489 nae
507 1428 779 1488 inlustres
824 1431 1100 1492 deformia
1141 1433 1434 1501 meditari;
1480 1438 1892 1508 exstructaque
1933 1427 2087 1507 apud
2133 1445 2362 1502 nemus,

357 1510 511 1589 quod
550 1511 741 1571 navali
789 1521 995 1588 stagno
1040 1518 1450 1594 circumposuit
1478 1516 1808 1592 Augustus,
1853 1511 2266 1572 conventicula
2305 1519 2366 1570 et

357 1612 657 1673 cauponae
694 1603 751 1652 et
790 1599 979 1672 posita
1005 1614 1152 1658 veno
1197 1595 1555 1676 inritamenta
1591 1597 1768 1657 luxui.
1826 1596 2225 1673 dabanturque
2262 1596 2364 1654 sti·

356 1691 496 1758 pes,
543 1695 685 1756 quas
728 1676 865 1736 boni
908 1681 1289 1759 necessitate,
1333 1685 1786 1760 intemperantes
1818 1680 2010 1758 gloria
2053 1697 2363 1738 consume-

288 1761 504 1828 10r'ent.
557 1761 689 1820 inde
720 1761 977 1837 gliscere
1009 1763 1228 1841 flagitia
1255 1775 1314 1826 et
1343 1767 1603 1840 infamia,
1637 1783 1748 1824 nec
1778 1763 1895 1824 ulla
1923 1764 2185 1822 moribus
2220 1763 2362 1822 olim

358 1847 647 1922 corruptis
685 1845 813 1924 plus
846 1844 1136 1906 libidinum
1170 1849 1543 1910 circumdedit
1569 1867 1737 1927 quam
1766 1847 1866 1908 illa
1900 1848 2226 1908 conluvies.
2263 1847 2366 1906 vix
2457 1907 2470 1922 .

275 2000 280 2011 .
356 1929 575 1991 artibus
615 1930 877 1990 honestis
910 1928 1095 2008 pudor
1126 1933 1431 2011 retinetur,
1481 1934 1689 1993 nedum
1737 1935 1884 1994 inter
1928 1927 2246 1991 certamina
2279 1931 2364 1988 vi-

355 2018 561 2076 tiorum
593 2015 862 2094 pudicitia
892 2023 989 2073 aut
1028 2014 1313 2077 modestia
1356 2027 1448 2077 aut
1483 2020 1788 2096 quicquam
1829 2016 1998 2095 probi
2041 2017 2224 2075 moris
2270 2034 2362 2073 re-

356 2108 704 2159 servaretur.
772 2107 1096 2177 postremus
1159 2100 1283 2177 ipse
1349 2119 1615 2162 scaenam
1678 2100 1926 2179 incedit,
1989 2100 2178 2159 multa·
2223 2117 2362 2159 cura

222 2192 227 2200 ‘
288 2207 337 2249 15
357 2191 640 2261 temptans
690 2182 961 2241 citharam
988 2180 1063 2241 'et
1106 2184 1524 2260 praemeditans
1565 2184 1974 2247 adsistentibus
2016 2183 2361 2262 phonascis.

356 2274 694 2325 accesserat
719 2265 938 2324 ’cohors
970 2264 1228 2340 militum,
1267 2271 1630 2329 centuriones
1655 2269 1980 2347 tribunique
2005 2276 2062 2327 et
2085 2286 2363 2327 maerens
2465 2310 2467 2333 ,

354 2349 568 2408 Burrus
612 2367 680 2408 ac
710 2348 967 2408 laudans.
1024 2358 1276 2429 tuncque
1318 2354 1552 2426 primum
1595 2354 1909 2434 conscripti
1956 2361 2083 2413 sunt
2128 2353 2361 2429 equites
2466 2336 2467 2367 ³

353 2434 597 2495 Romani
638 2441 1029 2509 cognomento
1062 2432 1578 2512 Augustianorum,
1621 2445 1810 2497 aetate
1853 2454 1922 2495 ac
1964 2436 2180 2495 robore
2215 2452 2358 2494 con-

356 2518 565 2595 spicui,
598 2525 657 2575 et
688 2536 823 2596 pars
852 2518 1085 2593 ingenio
1117 2534 1425 2596 procaces,
1457 2517 1552 2576 alii
1584 2522 1642 2577 in
1673 2539 1778 2598 spe
1803 2522 2120 2619 potentiae.
2163 2520 2201 2577 ii
2223 2518 2358 2577 dies

284 2622 336 2661 20
359 2619 429 2660 ac
468 2594 673 2661 noctes'
715 2601 1011 2679 plausibus
1054 2619 1374 2678 personare
1416 2600 1656 2660 formam
1707 2606 1984 2683 principis
2029 2620 2358 2679 vocemque

355 2684 523 2743 deum
561 2684 863 2760 vocabulis
909 2683 1300 2764 appellantes;
1347 2685 1508 2763 quasi
1550 2703 1658 2763 per
1689 2688 1952 2748 virtutem
1987 2688 2130 2748 clari
2167 2686 2358 2746 hono-

353 2770 577 2846 ratique
608 2787 809 2845 agere.

480 2853 577 2913 16.
617 2852 671 2912 N
676 2872 707 2912 e
739 2862 928 2915 tamen
957 2854 1211 2913 ludicrae
1243 2861 1456 2911 tantum
1500 2854 1865 2931 imperatoris
1897 2865 2049 2916 artes
2081 2830 2358 2914 notesce-

351 2944 497 3011 rent,
531 2938 837 2997 carminum
867 2956 1099 3016 quoque
1140 2936 1382 2996 studium
1423 2936 1763 3013 adfectavit,
1807 2940 2116 2998 contractis
2147 2938 2360 3016 quibus
2411 2932 2418 2945 '

354 3020 541 3097 aliqua
574 3021 863 3099 pangendi
896 3021 1141 3081 facultas
1182 3039 1293 3080 nec
1323 3021 1454 3080 dum
1496 3021 1735 3097 insignis
1779 3024 2108 3082 auctoritas.
2162 3022 2224 3080 hi
2263 3040 2358 3081 ce·

350 3106 468 3163 nati
510 3104 815 3163 considere
859 3106 1055 3182 simul,
1094 3115 1150 3165 et
1190 3105 1417 3164 adlatos
1462 3105 1558 3164 vel
1602 3103 1814 3165 ibidem
1843 3115 2111 3183 repertos
2147 3124 2360 3165 versus

309 3211 333 3249 5
356 3196 670 3247 conectere
703 3196 875 3265 atque
908 3190 1088 3267 ipsius
1120 3188 1296 3276 verba
1329 3206 1560 3268 quoquo
1591 3189 1764 3249 modo
1801 3189 2024 3267 prolata
2053 3189 2356 3269 supplere.

326 3270 507 3347 quod
553 3271 785 3349 species
818 3274 945 3351 ipsa
992 3266 1298 3333 carminum
1331 3274 1534 3350 docet,
1573 3292 1687 3333 non
1728 3275 1942 3355 impetu
1988 3282 2045 3333 et
2085 3276 2358 3334 instinctu

352 3370 465 3422 nec
499 3371 603 3414 ore
636 3372 749 3414 uno
781 3356 981 3417 fluens.
1054 3359 1221 3417 etiam
1255 3358 1574 3436 sapientiae
1604 3358 1940 3419 doctoribus
1980 3367 2210 3435 tempus
2257 3361 2356 3417 im-

355 3437 640 3513 pertiebat
669 3450 802 3517 post
833 3442 1067 3520 epulas,
1116 3450 1289 3519 utque
1322 3443 1607 3502 contraria
1641 3442 2099 3503 adseverantium
2129 3443 2356 3503 discor·
