2475 4000
291 282 298 289 ,
340 212 422 275 34
835 216 1162 268 ‹30an
1183 214 1418 263 morl-1
1438 214 1803 263 Amanum

339 374 525 450 magis
572 370 838 452 paludes,
883 372 1184 432 saevitiam
1219 369 1471 429 hostium
1514 358 1857 449 superesse3
1906 377 1965 428 at
2008 366 2344 438 victoribus

341 459 520 519 decus
541 456 802 532 gloriam.
864 473 1012 534 quae
1041 451 1192 515 domi
1219 471 1371 529 cara,
1406 470 1555 531 quae
1586 456 1643 513 in
1674 455 1879 513 castris
1902 451 2189 529 honesta,
2220 470 2341 511 me-

339 548 551 609 morat3
583 540 811 599 reticuit
843 539 914 599 de
952 538 1232 599 adversis.
1294 554 1481 615 equos
1512 536 1740 613 debinc,
1776 553 1947 595 orsus
1976 554 2012 595 a
2054 538 2215 613 suis,
2262 536 2340 595 le·

271 640 322 681 10
341 632 602 702 gatorum
631 623 1094 701 tribunorumque
1117 622 1275 683 nulla
1296 620 1603 680 ambitione
1631 620 1949 680 fortissimo
1976 622 2189 697 cuique
2216 619 2339 679 bel·
2444 620 2446 631 '

339 708 508 769 latori
535 706 726 783 tradit,
757 715 818 765 ut
845 706 924 782 hi,
953 722 1090 766 mox
1121 704 1306 784 pedes
1335 705 1392 764 in
1422 702 1649 764 bostem
1678 700 2039 767 invaderent.

461 790 561 853 68.
603 789 767 851 Haud
795 792 978 849 minus
1023 790 1247 867 inquies
1289 786 1601 857 Germanus
1646 806 1781 867 spe,
1831 786 2101 865 cupidine
2152 796 2215 847 et
2258 786 2337 846 di-

339 877 525 935 versis
548 866 558 877 ⁰
579 874 784 934 ducum
832 872 1130 949 sententiis
1179 870 1428 948 agebat,
1479 871 1743 931 Arminio
1812 872 2069 931 sinerent
2128 870 2341 947 egredi
2446 926 2448 929 Α

339 975 730 1036 egressosque
773 973 994 1015 rursum
1037 973 1143 1035 per
1193 954 1377 1015 umida
1430 963 1488 1014 et
1536 954 1792 1034 inpedita
1847 955 2339 1015 circumvenirent

341 1042 635 1117 suadente,
667 1040 955 1101 atrociora
989 1038 1357 1116 Inguiomero
1386 1043 1447 1097 et
1479 1038 1631 1100 laeta
1672 1036 1969 1113 bar-baris,
2016 1046 2079 1097 ut
2122 1036 2337 1099 vallum

296 1146 321 1185 ⁵
341 1129 510 1187 armis
537 1124 842 1185 ambirent:
880 1132 1198 1201 promptam
1230 1124 1749 1202 expugnationem,
1794 1120 1991 1200 plures
2039 1124 2337 1201 captivoS,
2449 1162 2450 1205 3

339 1212 725 1288 incorruptam
755 1206 1023 1285 praedam
1058 1206 1209 1267 fore.
1266 1207 1438 1283 igitur
1476 1214 1601 1267 orta
1653 1206 1747 1265 die
1794 1214 2073 1284 proruunt
2116 1206 2337 1279 fossas,

338 1294 572 1353 iniciunt
603 1300 820 1365 crates,
867 1306 1079 1349 summa
1126 1290 1264 1350 valli
1312 1298 1613 1367 prensant,
1657 1306 1791 1349 raro
1838 1306 2017 1367 super
2055 1290 2247 1350 milite
2285 1298 2339 1348 et

341 1376 502 1454 quasi
532 1374 606 1435 ob
633 1382 844 1433 metum
871 1374 1083 1433 defixo.
1139 1382 1441 1454 postquam
1470 1372 1719 1433 haesere
1748 1373 2139 1449 munimentiS,
2180 1374 2338 1439 datur

342 1452 674 1519 cohortibus
719 1459 942 1532 signum
995 1472 1323 1533 cornuaque
1370 1474 1441 1515 ac
1492 1455 1665 1517 tubae
1723 1458 2098 1516 concinuere.
2192 1458 2339 1517 exim

274 1552 326 1592 ¹⁰
343 1541 596 1602 clamore
625 1548 685 1599 et
723 1540 1159 1618 impetu.tergis
1193 1539 1601 1599 Germanorum
1632 1539 2202 1617 circumfunduntur,
2244 1560 2337 1601 ex-

185 1628 190 1635 “
259 1700 266 1705 Ι
341 1624 684 1706 probi-antes
713 1639 830 1683 non
861 1622 954 1683 hic
985 1622 1162 1682 silvas
1193 1640 1306 1681 nec
1340 1622 1614 1701 paludes,
1662 1624 1777 1684 sed‘
1796 1624 2001 1701 aequis
2044 1624 2207 1685 locis
2250 1644 2337 1685 ae·

341 1726 486 1788 quos
528 1708 691 1767 deos.
751 1705 904 1766 hosti
947 1706 1120 1766 facile
1169 1706 1451 1767 excidium
1508 1715 1568 1765 et
1622 1725 1845 1785 paucos
1878 1725 1955 1767 ac
2012 1725 2339 1770 semermos

342 1792 620 1869 cogitanti,
656 1808 834 1851 sonus
875 1790 1160 1867 tubarum,
1204 1790 1402 1867 fulgor
1446 1804 1757 1866 armorum,
1815 1800 2025 1869 quanto
2080 1794 2339 1872 inopina,

297 1884 496 1945 ,tanto
547 1875 762 1935 maiora
807 1874 1201 1951 offunduntur,
1259 1872 1693 1953 cadebantque,
1746 1883 1807 1933 ut
1844 1874 2023 1935 rebus
2068 1876 2339 1938 secundis

273 1974 322 2017 ιε
341 1959 522 2037 avidi,
571 1960 647 2020 ita
683 1958 946 2024 adversis
990 1958 1220 2022 incauti.
1293 1959 1585 2020 Arminius
1629 1959 1890 2036 integer,
1931 1958 2337 2037 Inguiomerus

339 2052 475 2124 post
499 2063 684 2120 grave
715 2044 920 2117 vulnus
949 2061 1198 2123 pugnam
1227 2043 1573 2103 deseruere:
1610 2041 1820 2118 vulgus
1854 2043 2204 2104 trucidatum
2228 2055 2335 2122 est,

339 2129 527 2189 donec
554 2129 638 2187 ira
671 2135 730 2186 et
759 2127 886 2186 dies
915 2128 1247 2205 permansit.
1295 2135 1469 2186 nocte
1490 2125 1714 2186 demum
1739 2143 2017 2189 reversae
2040 2127 2337 2204 legiones,

341 2212 598 2290 quamvis
630 2210 760 2288 plus
779 2210 1096 2287 vulnerum,
1124 2211 1327 2274 eadem
1356 2209 1616 2270 ciborum
1638 2217 1873 2290 egestas
1894 2209 2197 2290 fatigaret,
2230 2216 2333 2273 vim

340 2294 639 2354 sanitatem
672 2293 892 2371 copias,
925 2302 1129 2354 cuncta
1153 2295 1212 2353 in
1244 2293 1487 2355 victoria
1514 2292 1791 2358 habuere.

466 2375 565 2447 69.
609 2375 955 2437 Pervaserat
979 2379 1205 2436 interim
1238 2378 1616 2447 circumventi
1646 2379 1939 2437 exercitus
1970 2378 2123 2438 fama
2156 2390 2220 2439 et
2261 2384 2335 2440 in·

339 2461 494 2521 festo
526 2460 936 2522 Germanorum
981 2462 1208 2536 agmine
1251 2461 1468 2522 Gallias
1494 2463 1646 2540 peti,
1692 2479 1760 2522 ac
1796 2463 1855 2520 rii
1892 2460 2233 2540 Agrippina
2262 2468 2338 2524 in-

340 2545 586 2624 positum
607 2545 812 2606 Rheno
843 2552 1078 2624 pontem
1113 2544 1265 2620 solvi
1300 2543 1718 2622 prohibuisset,
1767 2554 1931 2606 erant
1956 2546 2052 2624 qui
2086 2546 2145 2606 id
2176 2547 2339 2625 flagi-

337 2629 474 2688 tium
523 2629 826 2690 formidine
879 2627 1173 2688 auderent.
1255 2627 1359 2686 sed
1409 2628 1618 2690 femina
1662 2629 1871 2706 ingens
1920 2629 2092 2688 anirni
2151 2633 2341 2690 munia

291 2723 318 2762 ⁵
341 2711 501 2772 ducis
532 2731 640 2792 per
671 2729 776 2772 eos
814 2712 938 2771 dies
969 2710 1166 2787 induit,
1195 2711 1603 2790 militibusque,
1633 2721 1691 2772 ut
1722 2715 1849 2794 quis
1872 2715 2041 2791 inops
2072 2723 2171 2773 aut
2204 2733 2339 2774 sau-

340 2797 482 2872 cius,
512 2805 732 2856 vestem
765 2805 822 2856 et
855 2794 1110 2854 fomenta
1141 2793 1407 2872 dilargita
1436 2806 1542 2856 est.
1598 2796 1771 2858 tradit
1799 2795 1866 2856 G.
1899 2796 2153 2873 Plinius,
2200 2799 2338 2859 Ger-

338 2878 687 2948 manicorum
718 2879 1002 2938 bellorum
1033 2879 1317 2958 scriptor,
1358 2882 1590 2942 stetisse
1636 2881 1786 2960 apud
1816 2882 2161 2960 principium
2197 2901 2336 2961 pon-

337 2965 441 3039 tis,
473 2962 660 3023 laudis
694 2970 753 3022 et
780 2964 961 3038 gratis
989 2966 1247 3022 reversis
1274 2965 1604 3041 legionibus
1632 2964 1974 3027 habentem:
2021 2957 2075 3024 id
2111 2965 2333 3026 Tiberii

341 3049 579 3107 animum
605 3047 772 3107 altius
802 3048 1154 3124 penetravit:
1207 3065 1324 3109 non
1350 3051 1499 3111 enim
1528 3048 1824 3127 simplices
1854 3067 1957 3110 eas
1986 3067 2192 3127 curas,
2226 3069 2336 3109 nec

271 3145 320 3187 ιο
341 3129 618 3204 adversus
653 3138 926 3190 externos
953 3131 1165 3192 studia
1195 3132 1429 3194 militum
1461 3135 1678 3212 quaeri.
1747 3133 1889 3193 nihil
1930 3132 2199 3194 relictum
2236 3137 2337 3194 im-

339 3212 726 3293 peratoribus,
755 3213 849 3290 ubi
880 3214 1094 3276 femina
1121 3217 1441 3298 manipulos
1472 3218 1792 3294 intervisat,
1824 3218 1991 3294 signa
2010 3216 2198 3308 adeat,
2226 3218 2335 3278 lar-

340 3299 617 3374 gitionem
646 3306 904 3378 temptet,
935 3309 1221 3379 tamquam
1253 3318 1451 3380 parum
1480 3300 1783 3362 ambitiose
1812 3302 1987 3360 filium
2010 3301 2175 3361 ducis
2199 3319 2333 3378 gre-

277 3425 284 3432 .
337 3380 457 3456 gali
517 3379 710 3443 habitu
769 3385 1131 3445 circumferat
1191 3384 1616 3464 Caesaremque
1675 3384 1995 3462 Caligulam
2045 3386 2333 3464 appellari

337 3465 497 3524 velit.
552 3468 840 3545 potiorem
871 3469 980 3528 iam
1009 3467 1163 3547 apud
1209 3470 1499 3528 exercitus
1530 3469 1909 3558 Agrippinam
1954 3487 2121 3547 quam
2170 3469 2334 3545 lega-
