2475 4000
813 194 1019 263 nisan
1042 147 1140 241 11'1.
1182 195 1331 244 CAP.
1365 196 1413 246 1.
2030 186 2113 246 79

193 350 390 401 consul.
455 347 538 401 33.
574 349 768 401 Uxores
813 366 844 397 a
883 350 1152 413 provinciis
1195 357 1331 398 arcet
1363 350 1588 401 Caecina.
1648 350 1731 401 34.
1772 351 1831 401 Ei
1860 360 2121 419 repugnat·

191 420 430 471 Valerius
465 417 769 468 Messalinus
811 417 1146 483 adstipulante
1183 418 1364 467 Druso,
1446 418 1529 468 35.
1580 418 1789 469 Blaesus
1838 422 2109 487 proconsul

193 488 414 539 Africae.
483 485 566 536 36.
593 485 677 535 37.
700 487 905 535 Abusus
926 487 1202 551 imaginum
1217 486 1567 552 principalium
1592 502 1853 551 repressus
1872 504 1902 538 a
1921 491 2105 541 Druso.

192 556 281 610 38.
300 554 384 606 39.
419 554 654 604 Accusati
682 554 1087 620 repetundarum,
1122 555 1413 603 maiestatis.
1483 554 1722 604 Thraciae
1762 565 1946 608 motum
1987 560 2108 609 Vel-
2131 609 2143 621 χ

192 628 337 676 lacus
359 622 664 688 comprimit.
720 622 822 673 ·40.
871 621 1029 671 Gallia
1066 622 1277 671 ducibus
1318 622 1464 672 Floro
1502 632 1550 671 et
1587 622 1847 673 Sacroviro
1884 628 2105 677 rebellat.

191 697 284 745 41.
321 692 621 742 Andecavos
646 699 840 740 coercet
861 692 1060 751 Aviola,
1097 691 1325 740 Turonos
1361 693 1615 756 opprimit.
1684 692 1769 741 42.
1806 693 1980 744 Florus
2016 709 2110 744 sua

192 776 348 813 manu
379 761 526 810 cadit.
583 759 720 808 Finis
750 759 1001 809 Treverici
1035 759 1293 809 tumultus.
1352 761 1436 810 43.
1480 760 1686 815 Aeduos
1733 761 1898 810 turbat
1933 761 2109 811 Sacro-

190 832 288 883 vir.
346 831 430 880 44.
473 829 684 877 Romam
710 828 980 893 percellit,
1023 843 1124 877 non
1163 826 1433 876 Tiberium.
1502 828 1589 877 45.
1623 828 1711 880 46.
1754 827 1904 878 Silius
1942 829 2108 879 Gallos

191 899 377 958 fundit,
413 896 737 961 crupellarios
761 895 938 947 caedit.
991 895 1224 946 Sacrovir
1258 897 1355 945 sibi
1388 911 1591 945 manum
1626 896 1794 948 infert.
1845 898 1931 947 47.
1966 897 2111 946 Tibe-

190 970 300 1018 rius
328 966 527 1016 simulat
553 965 647 1013 iter
678 966 746 1013 in.
767 960 971 1017 GalliaS.
1036 964 1122 1017 48.
1161 962 1357 1023 Quirini
1388 979 1525 1013 mors
1561 964 1839 1015 honestata.
1870 966 2110 1017 ·49-51.

187 1036 430 1087 Lutorius
453 1041 715 1082 accusatus
743 1032 1028 1083 defenditur
1051 1047 1082 1081 a
1107 1033 1317 1098 Lepido,
1354 1040 1402 1081 et
1427 1044 1633 1082 necatur
1654 1035 1707 1082 in
1732 1048 1945 1083 carcere.
1974 1032 2027 1083 S.
2053 1034 2109 1086 Ο.
2192 1084 2195 1087 .

179 1105 255 1155 'de
289 1101 566 1153 differenda
591 1114 770 1165 poena.
2077 1135 2081 1140 -

288 1172 371 1237 52.
403 1170 609 1218 Aediles
640 1169 702 1218 de
732 1169 856 1230 luxu
883 1171 1160 1219 coercendo
1193 1179 1368 1236 agunt.
1422 1169 1635 1221 Senatus
1668 1180 1777 1219 rem
1810 1171 2018 1220 remittit
2045 1171 2112 1220 ad

187 1241 485 1308 principem.
540 1237 623 1287 53.
655 1237 738 1287 54.
771 1238 863 1287 Hic
893 1237 1194 1287 medicinam
1229 1254 1261 1287 a
1294 1236 1517 1303 tempore
1550 1239 1851 1304 sperandam
1886 1253 2111 1305 pronun-
2212 1276 2226 1291 .

188 1313 300 1359 tiat.
364 1308 448 1358 55.
485 1306 730 1357 Paulatim
772 1314 951 1371 sponte
984 1302 1173 1355 mutati'
1189 1321 1373 1356 mores.
1454 1305 1536 1356 56.
1569 1306 1855 1356 Tribunicia
1885 1314 2109 1372 potestas

186 1379 347 1445 petita
378 1376 542 1425 Druso
573 1383 622 1423 et
643 1375 727 1423 57.
762 1376 1024 1440 impetrata
1056 1388 1167 1423 cum
1191 1375 1479 1425 adulatione
1503 1384 1717 1441 patrum.
1776 1375 1861 1426 58.
1902 1376 2108 1425 Flamen

189 1446 338 1496 dialis
375 1444 528 1493 ambit
558 1443 883 1507 provinciam.
947 1442 1032 1493 59.
1063 1443 1165 1493 Alii
1199 1444 1460 1493 obsistunt.
1521 1444 1671 1494 Drusi
1699 1445 1935 1510 superbia
1964 1452 2109 1494 nota-

185 1524 295 1564 tur.
347 1512 417 1563 60
429 1511 570 1561 -63.
604 1512 776 1576 Imago
809 1512 1069 1563 libertatis.
1138 1512 1297 1575 Asyla
1341 1510 1639 1563 Graecarum
1670 1514 1925 1563 civitatum
1960 1527 2109 1562 sena-

184 1591 271 1633 tus
311 1581 565 1631 examinat
607 1587 655 1629 et
697 1579 902 1629 modum
936 1580 1251 1645 praescribit.
1304 1580 1390 1631 64.
1440 1582 1706 1646 Augustae
1742 1582 1963 1631 morbus.
2022 1580 2107 1629 Ti-

184 1652 314 1701 berii
346 1652 397 1699 in
425 1657 636 1698 matrem
665 1662 766 1697 non
791 1648 1017 1698 sincerus
1050 1664 1204 1699 amor.
1266 1648 1351 1700 65.
1373 1649 1621 1716 Tempora
1654 1650 1805 1699 foeda
1822 1649 2106 1699 adulatione

186 1719 389 1769 infecta.
448 1715 669 1768 66—68.
703 1716 755 1766 C.
795 1714 996 1765 Silanus
1027 1717 1418 1783 repetundarum
1447 1726 1495 1767 et
1514 1719 1790 1767 maiestatis
1824 1718 2105 1782 postulatus

187 1803 219 1836 a
252 1787 420 1837 multis
460 1793 669 1851 urgetur
697 1792 746 1834 et
778 1798 810 1833 a
836 1786 1064 1851 principe
1105 1786 1220 1851 ipso
1264 1794 1313 1835 et
1354 1786 1635 1836 damnatur.
1696 1786 1781 1836 69.
1820 1786 2109 1835 Dolabellae

187 1855 524 1905 adulationem
553 1853 636 1905 69.
667 1854 894 1919 reprimit
927 1852 1155 1903 Tiberius
1197 1863 1247 1903 et
1280 1855 1553 1903 sententias
1586 1854 1799 1919 mitigat.
1863 1854 1949 1907 70.
1986 1854 2107 1904 Gor·
2183 1882 2191 1893 κ

185 1925 299 1986 dus,
333 1924 553 1984 Ennius,
592 1921 764 1987 Capito
797 1924 888 1971 rei.
954 1922 1036 1971 71.
1079 1922 1343 1985 Equestris
1383 1922 1616 1976 Fortuna.
1685 1923 1769 1969 Ius
1812 1922 2114 1972 flaminium..

157 1999 167 2009 '
186 1995 269 2044 72.
305 1993 520 2043 Basilica
555 1990 712 2042 Pauli.
774 1990 982 2057 Pompei
1013 1990 1277 2041 theatrum.
1336 1988 1419 2040 73.
1458 1987 1789 2038 Tacfarinatis
1810 1990 1981 2053 petitio
2011 1991 2107 2038 im-

183 2062 398 2128 pudens.
483 2062 565 2110 74.
607 2058 819 2109 Blaesus
869 2074 985 2108 eum
1033 2059 1359 2123 adgreditur,
1404 2056 1613 2106 fratrem
1657 2059 1764 2106 eius
1809 2058 1964 2122 capit,
2015 2071 2107 2105 nec
2148 2105 2151 2114 ,

181 2131 370 2179 bellum
401 2127 613 2176 conficit.
673 2127 756 2180 75.
803 2126 885 2177 76.
930 2125 1066 2176 Mors
1110 2125 1361 2188 Salonini,
1408 2125 1692 2191 CapitoniS‚
1730 2127 1929 2186 Iuniae,
1965 2126 2106 2174 cuius

187 2197 432 2246 sollemne
460 2195 630 2243 funus.

289 2264 424 2312 Haec
453 2253 670 2310 triennio
707 2266 854 2326 gesta
880 2261 946 2311 M.
977 2261 1180 2312 Valerio
1213 2269 1263 2311 et
1292 2261 1359 2312 M.
1396 2263 1619 2324 Aurelio,
1650 2263 1846 2312 Tiberio
1878 2265 1999 2329 imp.
2034 2260 2107 2314 IV

186 2342 236 2384 et
272 2331 437 2382 Druso
470 2328 667 2378 Nerone
700 2331 764 2390 ΙΙ,
795 2329 850 2379 C.
881 2328 1097 2396 Sulpicio
1135 2338 1184 2379 et
1214 2330 1274 2380 D.
1307 2331 1507 2381 Haterio
1537 2345 1666 2382 eosS.

245 2433 300 2493 1.
346 2429 502 2490 Nihil
539 2431 858 2491 intermissa
898 2432 1269 2509 navigatione
1306 2432 1531 2494 hiberni
1572 2434 1746 2494 maris
1782 2432 2105 2511 Agrippina

105 2515 433 2591 Corcyram
462 2513 702 2574 insulam
730 2515 1066 2588 advehitur,
1115 2515 1286 2577 litora
1328 2510 1631 2576 Calabriae
1673 2525 1871 2575 contra
1919 2517 2101 2574 sitam.

101 2600 238 2660 illio
279 2616 500 2678 paucos
546 2597 670 2657 dies
717 2600 1098 2678 conponendo
1143 2600 1330 2660 animo
1360 2601 1619 2674 insumit,
1662 2600 1916 2660 violenta
1946 2599 2103 2659 luctu

106 2693 171 2744 et
199 2683 400 2742 nescia
428 2681 732 2742 tolerandi.
792 2685 1013 2742 interim
1042 2684 1291 2744 adventu
1327 2685 1450 2743 eius
1486 2681 1679 2743 audito
1701 2684 1925 2742 intimus
1949 2683 2101 2760 quis·

107 2785 228 2846 quc
257 2767 567 2827 amicorum
599 2774 657 2825 et
679 2766 946 2845 plerique
971 2767 1271 2842 militares,
1302 2776 1364 2828 ut
1391 2767 1602 2846 quique
1630 2766 1735 2825 sub
1762 2765 2101 2827 Germanico
2126 2788 2153 2828 5

107 2850 399 2929 stipendia
428 2850 710 2925 fecerant,
743 2851 1018 2928 multique
1054 2853 1222 2911 etiam
1251 2852 1432 2929 ignoti
1459 2851 1662 2910 vicinis
1694 2869 1725 2910 e
1758 2851 2099 2928 municipiis„

107 2934 252 3012 pars
282 2933 536 2993 officium
558 2935 615 2992 in
647 2934 966 3012 principem
993 2935 1135 3010 rati,
1174 2936 1377 3014 plures
1410 2934 1545 2994 illos
1574 2935 1789 3010 secuti,
1822 2951 1995 2994 ruere
2029 2933 2103 2994 ad

105 3017 383 3097 oppidum
410 3017 766 3078 Brundisium
786 3061 803 3094 ,
837 3019 993 3096 quod
1021 3018 1310 3096 naviganti
1341 3019 1701 3078 celerrimum
1745 3018 2100 3078 fidissimum-

105 3119 235 3182 que
274 3100 516 3180 adpulsu
562 3111 703 3162 erat.
782 3111 954 3180 atque
999 3101 1096 3162 ubi
1140 3103 1381 3180 primum
1426 3121 1501 3161 ex
1544 3102 1662 3162 alto
1704 3103 1829 3162 visa
1874 3101 2099 3177 classis,

105 3185 474 3264 complentur
505 3203 618 3246 non
647 3185 822 3246 modo
852 3194 1053 3265 portus
1085 3195 1144 3245 et
1178 3187 1440 3265 proxima
1478 3187 1686 3262 maris,
1730 3185 1837 3246 sed
1876 3187 2100 3246 moenia
2122 3203 2171 3243 ιο

105 3287 180 3330 ac
216 3278 392 3345 tecta,
431 3287 657 3347 quaque
689 3269 1026 3346 longissime
1057 3271 1425 3349 prospectari
1450 3278 1698 3348 poterat,
1728 3269 2101 3329 maerentium

101 3353 277 3413 turba
312 3361 372 3413 et
399 3355 766 3430 rogitantium
795 3354 946 3413 inter
977 3371 1066 3429 se,
1099 3353 1407 3414 silentione
1444 3371 1515 3413 an
1543 3369 1693 3414 voce
1716 3353 1907 3430 aliqua
1933 3371 2099 3430 egre—

103 3437 362 3497 dientem
395 3439 752 3516 exciperent.
815 3455 1006 3515 neque
1038 3438 1178 3498 satis
1210 3436 1512 3498 constabat
1542 3437 1673 3514 quid
1701 3454 1806 3516 pro
1837 3446 2131 3516 tempor&
