2475 4000
754 183 964 229 mann
985 183 1082 229 111.
1123 182 1274 229 oAP.
1301 180 1538 233 20-—24-
2064 168 2145 231 89

151 339 304 419 quod
348 337 442 398 alii
487 338 660 397 civile
699 337 1000 412 rebantur,
1055 354 1127 395 ne
1174 338 1387 395 ceteris
1429 335 1782 395 adsentiendi
1823 339 2146 397 necessitas

147 427 338 498 fieret,
373 422 598 500 quidam
629 421 699 481 ad
730 421 1028 487 saevitiam
1059 418 1394 479 trahebant:
1437 437 1633 496 neque
1668 422 1814 479 enim
1846 440 2146 483 cessurum

147 509 258 568 nisi
287 506 584 567 damnandi
617 506 834 565 officio.

275 590 374 653 23.
413 590 628 670 Lepida
660 589 922 649 ludorum
971 588 1208 663 diebus,
1259 590 1351 664 qui
1396 588 1786 663 cognitionem
1820 590 2141 650 intervene-

140 685 303 750 rant,
357 675 637 734 theatrum
693 691 821 733 cum
877 673 1050 732 claris
1107 672 1335 730 feminis
1389 674 1686 747 ingressa,
1740 672 2141 747 lamentatione

141 759 327 820 flebili
356 761 606 818 maiores
637 775 777 817 suos
808 759 969 816 ciens
998 757 1301 833 ipsumque
1331 755 1697 833 Pompeium,
1733 756 1907 813 cuius
1921 776 1991 816 ea
2024 776 2145 817 mo-

142 846 394 903 nimenta
425 852 485 902 et
519 842 812 901 adstantes
842 842 1142 916 imagines
1151 837 1517 916 visebantur,
1564 848 1777 898 tantum
1819 841 2144 901 misericor·

145 928 276 987 diae
331 928 672 1005 permovit,
711 935 771 984 ut
821 925 984 984 effusi
1037 926 1096 982 in
1149 914 1417 995 lacrimas
1470 941 1645 983 saeva
1698 931 1757 982 et
1807 923 2191 985 detestandas

146 1012 408 1087 Quirinio
443 1011 832 1084 clamitarent,
865 1010 1024 1067 cuius
1056 1016 1332 1068 senectae
1363 998 1535 1085 atque
1574 1007 1801 1067 orbitati
1834 1017 1895 1066 et
1941 1009 2145 1068 obscu-

139 1097 411 1155 rissimae·
453 1095 644 1154 domui
693 1094 974 1153 destinata
1014 1090 1297 1169 quondam
1337 1109 1485 1151 uxor
1522 1090 1585 1149 L.
1625 1090 1862 1151 Caesari
1906 1110 1973 1151 ac
2014 1093 2147 1153 divo

137 1182 410 1256 Augusto
442 1197 617 1237 nurus
649 1176 988 1236 dederetur:
1039 1175 1170 1234 dein
1202 1176 1501 1235 tormentis
1532 1193 1831 1235 servorum
1858 1178 2147 1254 patefacta

144 1271 274 1323 sunt
325 1262 546 1339 flagitia
602 1264 854 1339 itumque
905 1261 962 1319 in
1007 1260 1345 1319 sententiam
1387 1258 1617 1319 Rubelli
1658 1258 1892 1336 Blandi,
1952 1278 1985 1320 a
2033 1278 2145 1338 quo

141 1365 295 1426 aqua
328 1356 500 1424 atque
531 1347 656 1422 igni
689 1343 1010 1404 arcebatur.
1076 1344 1211 1404 huic
1237 1342 1459 1402 Drusus
1491 1344 1766 1420 adsensit,
1804 1360 2143 1422 quamquam
2170 1359 2214 1399 ιο

141 1432 240 1492 alii
272 1432 462 1489 mitius
497 1430 875 1488 censuissent.
945 1428 1355 1505 mox.Scaur0,
1392 1430 1491 1505 qui
1526 1427 1700 1487 filiam
1731 1446 1807 1486 ex
1837 1447 1904 1487 ea
1928 1447 2144 1506 genue-

135 1524 253 1590 rat,
287 1513 479 1573 datum
511 1532 583 1572 ne
619 1512 772 1571 bona
803 1511 1251 1590 publicarentur.
1320 1520 1435 1571 tum
1470 1510 1693 1571 demum
1723 1515 1947 1591 aperuit
1972 1512 2144 1573 :rihe-
2226 1512 2233 1519 “

135 1602 262 1659 rius
301 1607 650 1677 conpertum·
675 1595 783 1656 sibi
826 1597 994 1655 etiam
1035 1598 1110 1655 e'x
1145 1595 1207 1656 P.
1243 1596 1481 1670 Quirinii
1524 1598 1709 1656 servis
1751 1611 1976 1655 veneno
2019 1615 2146 1656 eum

138 1703 174 1743 a
203 1682 424 1760 Lepida
455 1683 712 1760 petitum.
1929 1706 1939 1719 ·

269 1767 370 1826 24.
428 1766 752 1826 Inlustrium
809 1766 1072 1827 domuum
1125 1763 1373 1825 adversa
1428 1766 1673 1845 (etenim
1718 1765 1867 1825 haud
1913 1764 2146 1825 multum

140 1850 370 1910 distanti
406 1860 670 1929 tempore
705 1850 1000 1929 Calpurnii
1030 1848 1331 1924 Pisonem,
1373 1848 1603 1907 Aemilii
1632 1848 1905 1926 Lepidam
1944 1852 2143 1909 amise-

134 1934 298 2013 rant)
335 1934 556 1995 solacio
590 1934 804 1995 adfecit
834 1934 904 1993 D.
939 1933 1166 1993 Silanus
1193 1931 1391 1991 Iuniae
1431 1932 1680 1991 familiae
1720 1932 1994 1991 redditus.
2054 1951 2145 1992 ca-

139 2038 266 2078 sum
299 2021 426 2078 eius
452 2022 655 2098 paucis
684 2029 990 2097 repetam.
1024 2027 1084 2077 ut
1114 2015 1303 2077 valida
1322 2015 1459 2074 divo
1485 2016 1751 2092 Augusto
1788 2017 1843 2073 in
1876 2033 1997 2074 rem
2046 2035 2145 2094 pu-

135 2103 354 2161 blicam
378 2103 627 2178 fortuna,
659 2105 736 2161 ita
768 2103 918 2161 domi
949 2097 1306 2179 inprospera
1327 2099 1433 2158 fuit
1462 2099 1538 2158 ob
1568 2099 1959 2177 inpudicitiam
1990 2099 2143 2158 filiae
2165 2118 2189 2156 5

137 2205 212 2245 ac
244 2187 471 2261 neptis,
532 2203 674 2261 quas
710 2183 852 2243 urbe
895 2183 1114 2263 depulit
1152 2182 1558 2262 adulterosque
1606 2202 1799 2244 earum
1836 2192 2020 2244 morte
2052 2192 2145 2243 aut

134 2269 282 2344 fuga
327 2268 560 2345 punivit.
616 2285 742 2326 nam
788 2267 1013 2345 culpam
1050 2269 1199 2326 inter
1243 2269 1403 2326 viros
1452 2286 1519 2328 ac
1570 2269 1811 2328 feminas
1855 2268 2145 2346 vulgatam

141 2351 317 2429 gravi
372 2351 601 2408 nomine
651 2350 934 2410 laesarum
986 2350 1330 2427 religionum
1387 2347 1455 2412 ac
1520 2352 1772 2413 violatae
1832 2354 2145 2418 maiestatis

141 2433 504 2514 appellando
539 2433 896 2494 clementiam
929 2436 1204 2494 maiorum
1231 2453 1483 2514 suasque
1513 2439 1643 2516 ipse
1673 2438 1843 2512 leges
1880 2435 2143 2512 egredie-

135 2520 330 2578 batur.
397 2517 500 2577 sed
533 2517 773 2578 aliorum
802 2522 1010 2595 exitus,
1046 2517 1211 2578 simul
1248 2529 1443 2580 cetera
1486 2520 1641 2580 illius
1683 2522 1888 2580 aetatis
1932 2536 2217 2578 memo-10

137 2601 324 2677 rabo,
371 2603 420 2661 si
468 2601 694 2661 effectis
734 2604 790 2662 in
832 2621 976 2682 quae
1011 2602 1224 2663 tetendi
1273 2603 1469 2682 plures
1500 2603 1570 2663 ad
1605 2622 1774 2663 curas
1809 2605 1981 2662 vitam
2012 2621 2143 2681 pro·

143 2687 408 2747 duxero..
452 2685 523 2744 D.
559 2685 786 2745 Silanus
816 2688 874 2746 in
907 2689 1064 2764 nepti
1097 2687 1346 2764 Augusti
1379 2688 1629 2763 adulter,
1670 2705 2005 2765 quamquam
2030 2703 2145 2745 non

139 2771 290 2830 ultra
325 2770 479 2828 foret
521 2770 800 2830 saevitum
847 2789 1013 2848 quam
1041 2779 1100 2829 ut
1144 2773 1390 2831 amicitia
1423 2769 1692 2831 Caesaris
1722 2770 2143 2850 prohiberetur,

140 2854 390 2914 exilium.
411 2853 519 2931 sibi
553 2853 932 2913 demonstrari
961 2854 1304 2929 intellexit,
1332 2873 1443 2914 nec
1488 2857 1596 2915 nisi
1638 2855 1869 2916 Tiberio
1914 2856 2141 2932 imperi-

137 2947 300 2998 tante
344 2936 652 3016 deprecari
699 2947 956 2997 senatum
998 2955 1068 2998 ac
1111 2940 1432 3016 principem
1485 2957 1655 3000 ausus
1703 2949 1795 3000 est
1834 2939 1913 2999 Μ.
1965 2938 2141 2998 Silani
2168 2943 2213 2982 ¹⁵

137 3023 339 3081 fratris
373 3023 652 3099 potentia,
689 3023 782 3099 qui
816 3039 924 3098 per
957 3021 1240 3097 insignem
1271 3022 1627 3084 nobilitatem
1664 3034 1723 3084 et
1757 3023 2143 3101 eloquentiam

136 3103 559 3184 praecellebat.
629 3105 735 3165 sed
769 3104 1034 3165 Tiberius
1064 3108 1244 3182 gratis
1275 3110 1468 3183 agenti
1500 3108 1697 3167 Silano
1744 3106 2001 3187 patribus
2046 3124 2142 3165 co-

135 3207 263 3248 ram
295 3190 597 3266 respondit
635 3209 701 3250 se
734 3206 966 3267 quoque
993 3189 1415 3268 laetari,'quod
1446 3193 1627 3251 frater
1660 3194 1785 3250 eius
1816 3210 1849 3250 e
1879 3191 2138 3270 peregri·

133 3274 372 3332 natione
405 3272 717 3351 longinqua
761 3275 1130 3341 revertisset;
1175 3273 1345 3351 idque
1387 3275 1511 3334 iure
1555 3276 1807 3352 licitum,
1852 3276 1983 3354 quia
2028 3291 2141 3335 non

131 3366 376 3416 senatus
406 3358 703 3432 consulto,
742 3375 856 3416 non
885 3357 1022 3434 lege
1058 3357 1258 3437 pulsus
1291 3358 1474 3418 foret:
1507 3358 1617 3418 sibi
1650 3367 1838 3419 tamen
1862 3359 2139 3419 adversus
2159 3375 2212 3414 20

134 3459 272 3499 eum
311 3440 569 3516 integras
612 3443 866 3519 parentis
916 3443 1002 3501 sui
1050 3441 1437 3520 offensiones,
1492 3461 1681 3522 neque
1735 3443 1920 3503 reditu
1964 3443 2140 3502 Silani
