2475 4000
557 219 767 268 menn
788 220 880 266 VI.
917 219 1064 266 cnr.
1091 218 1315 276 48—-52
1340 191 1637 290 (42—46).
1668 259 1673 262 .
1978 210 2096 271 175

101 383 272 452 gente
301 373 558 434 Arabum
597 375 756 434 fao-to
787 377 969 434 ceteri
999 375 1202 434 domos
1241 368 1451 436 abe'unt
1480 377 1578 436 vel
1622 381 1681 436 in
1710 387 1899 438 castra
1927 377 2095 437 Arta-

99 459 248 534 bani,
288 458 478 529 donec
509 458 790 518 Tiridates
822 477 952 519 cum
979 461 1180 538 paucis
1219 461 1279 520 in
1308 461 1531 520 Suriam
1570 471 1841 521 revectus
1870 453 2096 540 pudore
2115 477 2168 518 ²0

102 543 440 622 proditionis
471 559 670 604 omnes
703 543 974 603 exsolvit.
1904 587 1918 597 r

220 627 319 686 51'.
359 626 530 686 ·Idem
563 644 742 686 annus
783 629 949 704 gravi
989 628 1126 704 igne
1143 626 1360 686 :urbem
1406 627 1653 704 adfecit,
1688 627 1887 689 deusta
1922 638 2162 708 parte45

103 713 257 787 circi,
290 728 457 789 quae·
471 710 762 770 Aventino
799 713 1087 788 contigua,
1119 712 1367 790 ipsoque
1395 712 1720 782 Aventin03
1757 713 1911 791 quod
1941 713 2093 774 dam·
2121 745 2145 767 x

98 813 223 854 num
246 793 478 856 'Caesar
507 795 577 854 ad
608 794 852 872 gloriam
883 795 1059 855 vertit
1089 795 1373 856 exsolutis
1404 795 1669 856 domuum
1698 805 1757 856 et
1787 795 2095 856 insularum
2162 843 2167 848 .

98 881 312 958 pretiis.
373 878 602 938 miliens
632 880 958 939 sestertium
1001 881 1058 938 in
1088 880 1477 940 munificentia
1512 881 1909 955 conlocatum,
1940 888 2095 938 tanto
2132 870 2143 888 '

99 964 396 1043 acceptius
426 964 483 1022 in
517 962 768 1040 vulgum,
807 973 1018 1042 quanto
1049 964 1312 1034 modicus
1333 964 1577 1042 privatis
1599 961 2097 1046 aedificationibus
2117 982 2141 1021 5

96 1067 163 1106 ne
191 1047 431 1126 publice
461 1046 690 1124 quidem
721 1048 828 1106 nisi
869 1046 983 1106 duo
1014 1065 1197 1126 opera
1226 1049 1462 1124 struxit,
1514 1049 1788 1127 templum
1829 1047 2095 1124 Augusto

97 1141 150 1191 et
168 1149 441 1192 scaenam
464 1127 800 1210 Pompeiani
825 1131 1062 1200 theatri;
1097 1149 1283 1210 eaque
1306 1133 1589 1210 perfecta,
1626 1141 1959 1211 contemptu
1984 1147 2096 1188 am-

95 1215 320 1276 bitionis
368 1233 442 1275 an
485 1232 595 1294 per
625 1224 1014 1292 senectutem,
1057 1215 1210 1275 haud
1239 1215 1547 1276 dedicavit.
1605 1216 1712 1276 sed
1740 1214 2095 1275 aestimando

97 1302 368 1380 cuiusque
414 1298 756 1358 detrimento
805 1308 1074 1378 quattuor
1118 1301 1435 1379 progeneri
1478 1299 1778 1374 Caesaris,
1829 1299 1934 1360 Cn.
1979 1298 2094 1358 Do-

94 1385 291 1462 mitius,
326 1382 572 1444 Cassius
599 1382 912 1459 Longinus,
945 1382 1022 1443 M.
1054 1384 1345 1459 ViniciuS,
1378 1383 1681 1447 Rubellius
1713 1383 1965 1445 Blandus
1994 1381 2091 1442 de·
2119 1393 2183 1438 ιο·
2234 1396 2241 1401 ’

95 1468 226 1527 lecti
257 1468 602 1547 additusque
633 1469 1020 1527 nominatione
1055 1467 1357 1526 consulum·
1391 1467 1454 1527 Ρ.
1487 1468 1813 1531 Petronius,
1884 1476 1943 1527 et
1988 1483 2095 1546 pro

93 1553 324 1630 ingenio
378 1553 654 1630 cuiusque
700 1553 942 1630 quaesiti
981 1552 1316 1629 decretique
1350 1553 1409 1611 in
1452 1553 1778 1632 principem
1808 1551 2093 1618 honores;

97 1653 236 1714 quos
261 1637 522 1697 omiserit
550 1637 942 1716 receperitve,
974 1638 1032 1696 in
1053 1631 1279 1696 incerto
1302 1636 1409 1696 fuit
1432 1635 1511 1696 ob
1534 1639 1921 1716 propinquum
1942 1637 2096 1694 vitae

96 1722 278 1780 {in-em.
341 1737 532 1799 neque
587 1721 736 1780 enim
786 1719 962 1785 multo
1019 1727 1154 1798 post
1204 1722 1457 1800 supremi
1511 1714 1745 1781 Tiberio
1800 1719 2094 1793 consules,

99 1803 196 1863 Cn.
228 1805 588 1865 Acerronius
620 1803 686 1864 C.
719 1803 976 1881 Pontius,
1007 1805 1402 1881 magistratum
1436 1821 1751 1883 occepere,
1782 1805 1952 1864 nimia
1979 1805 2090 1862 iam
2111 1813 2183 1866 15,

97 1891 356 1965 potentia
393 1889 711 1966 MacroniS,
761 1891 856 1968 qui
891 1890 1135 1966 gratiam
1179 1887 1283 1948 Gai
1329 1886 1601 1947 Caesaris
1640 1891 1943 1964 numquam
1984 1885 2109 1946 sibi

94 1973 420 2051 neglectam
453 1976 642 2035 acrius
685 1975 741 2033 in
785 1973 908 2034 dies
951 1971 1191 2033 fovebat
1227 1970 1645 2049 impuleratque
1678 1978 1815 2048 post
1853 1979 2095 2040 mortem

95 2055 388 2133 Claudiae,
423 2076 592 2135 quam
619 2066 851 2137 nuptam
883 2060 939 2116 ei
969 2056 1196 2131 rettuli,
1241 2072 1487 2114 uxorem
1517 2072 1674 2115 suam
1704 2052 1947 2114 Enniam
1976 2055 2093 2111 inii-

91 2141 264 2199 tando
297 2157 550 2201 amorem
575 2145 842 2201 iuvenem
879 2140 1120 2199 inlicere
1155 2148 1445 2218 pactoque
1474 2139 1814 2201 matrimonii
1844 2138 2087 2213 vincire,

89 2222 231 2281 nihil
259 2221 621 2301 abnuentem,
647 2225 777 2284 dum
800 2224 1198 2285 dominationis
1223 2224 1612 2302 apisceretur;
1650 2240 1779 2283 nam
1804 2223 1912 2281 etsi
1938 2234 2090 2281 com·
2114 2234 2180 2309 20·

87 2311 280 2366 motus
326 2306 559 2383 ingenio
605 2309 1019 2368 simulationum
1061 2316 1254 2367 tamen
1300 2306 1449 2367 salsa
1488 2308 1547 2366 in
1595 2310 1721 2367 sinu
1766 2308 1857 2366 avi
1902 2306 2090 2385 perdi-

49 2434 56 2447 .
95 2392 332 2449 dicerat.
1530 2430 1533 2437 -
1631 2412 1634 2415 ·
2092 2442 2095 2447 .

213 2474 316 2534 52.
373 2472 616 2536 Gnarum
660 2475 774 2536 hoc
819 2476 1100 2556 prin-cipi,
1151 2492 1341 2555 eoque
1370 2475 1647 2541 dubitavit
1690 2475 1762 2536 de
1804 2472 2162 2539 tradendam

89 2576 158 2627 re
192 2557 446 2637 publica,
478 2560 714 2637 primum
737 2562 888 2619 inter
915 2565 1200 2640 nepotes,‘
1217 2578 1457 2639 quorum
1480 2560 1679 2622 Druso.
1702 2560 1933 2636 genitus
1962 2574 2089 2617 san—

99 2645 266 2717 guine
297 2652 356 2703 et
389 2646 626 2703 caritate
658 2647 929 2723 propior,
963 2644 1066 2705 sed
1097 2644 1343 2705 nondum
1374 2644 1737 2722 pubertatem
1767 2644 2091 2717 ingressus,
2144 2704 2151 2710 .

101 2724 420 2787 Germanici
447 2728 562 2787 lilio
587 2728 766 2788 robur
787 2730 1079 2806 iuventae,
1109 2728 1271 2806 vulgi
1300 2729 1501 2805 studia,
1534 2742 1721 2807 eaque
1748 2725 1902 2806 apud
1924 2742 2091 2785 avum

103 2809 210 2869 odii
241 2830 436 2891 causa.
485 2812 651 2871 etiam
676 2814 748 2871 de
771 2812 1010 2872 Claudio
1035 2814 1293 2889 agitanti,
1324 2812 1477 2891 quod
1502 2814 1555 2871 is
1574 2811 1882 2891 conposita
1904 2817 2093 2869 aetate
2114 2828 2139 2866 5

102 2890 372 2955 bonarum
407 2898 606 2955 artium
637 2899 876 2976 cupiens
907 2906 1050 2973 erat,
1081 2897 1351 2957 inminuta
1379 2916 1541 2957 mens
1570 2898 1697 2957 eius
1726 2894 1965 2955 obstitit.
2006 2893 2093 2951 sin

105 2987 257 3038 extra
287 2981 516 3041 domum
547 2998 861 3041 successor
891 2990 1287 3059 quaereretur,
1316 2999 1391 3041 ne
1412 2982 1686 3041 memoria
1714 2978 1982 3055 Augusti,
2018 2993 2092 3034 ne

103 3078 302 3125 nomen
336 3063 650 3125 Caesarum
691 3068 749 3130 in
777 3064 1019 3125 ludibria
1051 3074 1108 3123 et
1139 3065 1518 3125 contumelias
1546 3070 1843 3125 verterent
1874 3070 2090 3121 metue-

103 3142 220 3206 bat:
263 3151 483 3228 quippe
521 3149 605 3209 illi
645 3168 762 3210 non
793 3149 1036 3229 perinde
1077 3166 1253 3208 curae
1282 3150 1471 3226 gratia
1500 3148 1890 3226 praesentium
1923 3160 2091 3223 quam

71 3226 156 3285 -in
187 3237 454 3309 p‘osteros
483 3234 738 3295 ambitio.
788 3253 925 3294 mox
948 3234 1202 3293 incertus
1229 3234 1415 3309 animi,
1445 3232 1607 3291 fesso
1634 3248 1919 3309 corpore,
1954 3246 2159 3288 con-10

107 3311 298 3394 silium,
329 3321 422 3377 cui
453 3320 636 3398 impar
667 3329 809 3397 erat,
841 3319 959 3378 fato
989 3318 1271 3397 permisit,
1302 3318 1469 3377 iactis
1499 3325 1685 3376 tamen
1714 3313 1957 3375 vocibus
1982 3330 2089 3389 per

109 3411 240 3472 quas
264 3402 704 3479 intellegeretur
739 3403 1017 3482 providus
1042 3403 1387 3469 futurorum
1424 3418 1664 3479 namque
1686 3398 1947 3461 Macroni
1973 3414 2087 3455 non

107 3477 286 3543 abdita
323 3485 564 3563 ambage
599 3488 960 3549 occidentem
1007 3486 1078 3547 ab
1123 3503 1196 3547 eo
1245 3486 1467 3563 deseri,
1511 3485 1789 3546 orientem
1834 3481 2086 3563 spectari
