2475 4000
38 177 101 223 :n
308 198 323 227 κ
481 198 489 219 ·
768 199 976 245 mann
998 200 1141 246 xvr.
1176 199 1327 247 cAP.
1351 199 1618 254 28—-34,
2059 188 2181 251 329

39 340 135 393 ‘¹³5¹‘
164 361 388 413 vestes
426 360 486 412 et
513 351 804 429 dignitatis
830 354 1075 431 insignia
1106 354 1270 433 dedi,
1309 372 1424 433 quo
1447 354 1628 415 modo
1673 359 1721 414 sl
1755 355 2090 432 sanguinem
2123 364 2183 416 et

39 430 139 493 ΜΒ
168 440 366 497 vitam
402 439 839 515 poposcissent.
900 437 1147 497 viderint
1184 441 1312 517 isti,
1357 438 1621 498 antehac..
1641 439 1774 498 mihi
1810 441 2021 517 ignoti,
2065 458 2179 518 quo

39 526 71 565 ²
91 515 139 561 ²⁵
170 522 416 580 nomine
445 521 577 597 sint,
604 538 743 599 quas
772 530 928 580 artes
952 532 1296 582 exerceant:
1327 522 1486 583 nulla
1503 522 1636 581 mihi
1665 524 1940 600 principis
1965 525 2178 583 mentio
2201 545 2252 587 10

56 608 131 651 Μ·
170 606 293 665 nisi
338 606 489 664 inter
516 605 741 663 numina
770 604 895 663 fuit.
952 607 1139 665 nescit
1168 614 1358 665 tamen
1386 608 1738 681 miserrimus
1785 614 1950 684 pater
1995 616 2080 686 et,
2131 609 2182 667 si

38 684 140 757 μ’
181 690 409 748 crimen
441 695 548 764 est,
585 688 713 747 sola
741 684 1003 766 deliqui.'
1877 748 1890 757 ,

39 773 139 824 “²⁸⁶
174 801 220 867 Ι
300 770 405 832 32.
464 770 778 850 Loquentis
822 771 1007 832 adhuc
1052 772 1232 833 verba
1257 775 1494 853 ‘excipit
1536 775 1791 834 Soranus
1836 773 2180 851 proclamat-

39 856 137 938 ’ω’
180 874 299 934 que
341 871 457 913 non
498 855 654 915 illam
694 857 754 915 in
797 857 1150 935 provinciam
1195 875 1392 917 secum
1438 857 1792 935 profectam,
1836 873 1952 931 non
1980 856 2178 918 Plauto

38 935 133 996 mii·
176 956 293 1017 per
326 947 575 998 aetatem
604 941 769 1007 nosci
803 941 1096 1019 potuisse,
1131 958 1247 1000 non
1280 940 1608 1000 criminibus
1637 942 1824 1000 mariti
1848 957 2178 1011 conexam:

38 1020 118 1082 teffl
172 1022 392 1081 nimiae
433 1025 917 1103 tantumpietatis
957 1042 1116 1083 ream
1168 1034 1536 1104 separarent,
1601 1033 1772 1104 atque
1811 1025 1940 1102 ipse
1988 1040 2178 1101 quam·

39 1106 123 1167 titus
182 1124 429 1183 cumque
462 1115 681 1166 sortem
710 1106 946 1167 subiret.
1010 1108 1175 1167 simul
1214 1109 1272 1167 in
1301 1102 1603 1188 amplexus
1631 1108 1997 1168 occurrentis
2028 1107 2180 1166 filiae
2203 1132 2228 1171 ⁵

45 1202 121 1258 :sn
176 1188 422 1265 ruebat,
469 1192 578 1249 nisi
608 1192 897 1250 interiecti
923 1191 1163 1251 lictores
1192 1193 1449 1270 utrisque
1482 1192 1858 1253 obstitissent.
1914 1208 2052 1249 mox
2081 1190 2177 1250 da-

38 1278 107 1340 iia
174 1284 275 1333 tus
305 1272 546 1333 testibus
578 1275 773 1342 locus;
820 1283 878 1333 et
901 1284 1167 1353 quantum
1196 1275 1632 1338 misericordiae
1665 1276 1908 1335 saevitia
1942 1290 2176 1334 accusa-

38 1377 109 1441 ,μὴ
174 1359 357 1418 tionis
403 1367 803 1436 permoverat,
844 1367 1057 1417 tantum
1098 1360 1221 1418 irae
1260 1358 1324 1419 P.
1367 1358 1650 1436 Egnatius
1689 1360 1854 1419 testis
1903 1359 2176 1418 concivit.

38 1463 95 1512 ,ers
178 1442 371 1503 cliens
398 1440 491 1501 hic
526 1443 763 1518 Sora‘ni,
818 1451 877 1501 et
904 1450 1037 1505 tunc
1069 1452 1294 1522 emptus
1323 1442 1395 1503 ad
1439 1442 1874 1523 opprimendum
1919 1444 2176 1517 amicum,

39 1538 99 1598 ηε·
178 1526 583 1587 auctoritatem
629 1527 862 1585 Stoicae
914 1534 1113 1587 sectae
1162 1526 1570 1605 praeferebat,
1622 1519 1816 1587 habitu
1861 1535 1921 1585 et
1958 1542 2063 1585 ore
2107 1524 2248 1587 adio

179 1608 618 1687 exprimendam
669 1610 975 1685 imaginem
1018 1609 1247 1670 honesti
1301 1614 1626 1688 exercitus,
1683 1620 1938 1670 ceterum
1991 1610 2177 1670 animo

39 1725 89 1770 ῃμ
176 1694 556 1775 perfidiosus,
589 1692 885 1769 subdolus,
916 1695 1211 1754 avaritiam
1245 1714 1312 1754 ac
1343 1695 1635 1755 libidinem
1668 1695 1996 1763 occultans;
2030 1710 2179 1771 quae

38 1806 80 1838 ‚r
174 1786 486 1859 postquam
513 1778 755 1855 pecunia
784 1776 1018 1837 reclusa
1040 1788 1191 1856 sunt,
1228 1778 1386 1839 dedit
1416 1779 1754 1856 exemplum,
1767 1776 2177 1856 praecavendi,

39 1836 89 1969 ᾖ,
179 1879 301 1940 quo
338 1861 510 1921 modo
539 1860 835 1921 fraudibus
865 1862 1157 1922 involutos
1188 1871 1284 1920 aut
1311 1862 1543 1938 flagitiis
1579 1861 2059 1937 commaculatos,
2095 1862 2179 1919 sic
2285 1914 2290 1917 .

48 1977 95 2037 „1t
184 1946 388 2031 specie
420 1944 699 2006 bonarum
734 1947 935 2006 artium
964 1945 1149 2005 falsos
1182 1954 1241 2003 et
1270 1944 1556 2004 amicitiae
1583 1943 1847 2004 fallaces.
2199 1968 2248 2010 15

38 2060 109 2123 ,d
304 2029 404 2089 33.
459 2028 619 2087 Idem
659 2038 851 2096 tamen
892 2031 1015 2089 dies
1045 2037 1103 2087 et
1128 2031 1434 2089 honestum
1467 2027 1794 2106 exemplum
1826 2027 1954 2086 tulit
1986 2025 2174 2087 Cassii

39 2150 121 2220 larg
180 2108 620 2188 Asclepiodoti,
662 2113 758 2189 qui
788 2112 1173 2188 magnitudine
1212 2129 1386 2190 opum
1418 2113 1766 2190 praecipuus
1808 2112 1958 2170 inter
1986 2110 2178 2185 Bithy·

38 2248 109 2292 m
178 2210 315 2269 noa,
346 2210 458 2271 quo
491 2193 1109 2272 obsequioflorentem
1128 2196 1408 2256 Soranum
1435 2195 1859 2270 celebraverat,
1891 2194 2181 2254 labentem

38 2245 305 2378 ‚fflssnon
331 2276 608 2355 deseruit,
648 2287 971 2356 exutusque
1002 2278 1264 2338 omnibus
1293 2279 1538 2340 fortunis
1563 2289 1621 2340 et
1649 2280 1706 2338 in
1728 2279 1960 2342 exilium
1991 2288 2176 2356 actus,

39 2361 477 2460 'tedomaequitate
530 2362 697 2421 deum
752 2379 896 2439 erga
951 2361 1105 2422 bona
1146 2363 1412 2442 malaque
1461 2365 1822 2424 documenta.
1884 2362 2226 2425 Thraseaes

38 2425 153 2543 zm
168 2445 527 2523 ,Soranoque
557 2455 615 2505 et
647 2447 929 2507 Serviliae
975 2447 1140 2506 datur
1182 2450 1386 2508 mortis
1429 2448 1737 2508 arbitrium.
1790 2446 2090 2506 Helvidius
2121 2455 2180 2505 et

38 2528 469 2625 ‚mfflPaconius
509 2529 671 2590 Italia
711 2529 1096 2608 depelluntur.
1166 2531 1468 2594 Montanus
1516 2533 1661 2611 patri
1706 2548 2025 2590 concessus
2071 2539 2178 2606 est,

39 2618 129 2704 ‘lm
143 2613 485 2692 naptaedicto
517 2632 589 2674 ne
618 2616 675 2673 in
704 2633 769 2673 re
799 2613 1033 2693 publica
1062 2615 1391 2676 haberetur.
1449 2613 1881 2676 accusatoribus
1905 2612 2087 2693 Eprio
2122 2623 2180 2672 et

164 2695 531 2758 ‘Cossutiano
561 2699 981 2777 quinquagiens
1023 2702 1348 2760 sestertium
1379 2700 1652 2777 singuliS,
1699 2697 1930 2758 Ostorio
1963 2696 2178 2757 duode-

195 2782 345 2843 ..iens
382 2789 438 2840 et
467 2783 795 2860 quaestoria
828 2783 1073 2860 insignia
1096 2783 1438 2843 tribuuntur.
1727 2831 1738 2839 .
2200 2797 2250 2838 10

187 2908 195 2917 .-
306 2863 406 2925 34.
466 2865 607 2926 Tum
650 2865 719 2925 ad
761 2865 1075 2927 Thraseam
1118 2869 1177 2926 in
1216 2867 1404 2928 bortis
1435 2876 1706 2944 agentem
1737 2875 2012 2945 quaestor
2043 2884 2179 2926 con·

184 2948 327 3022 ‚ulis
368 2951 575 3008 missus
618 2959 1074 3028 vesperascente
1116 2953 1227 3011 iam
1263 2952 1380 3012 die.
1443 2952 1778 3012 inlustrium*
1805 2952 2055 3010 virorum
2095 2950 2180 3009 fe·

129 3088 138 3097 ,
180 3029 570 3112 ἳωίῐιειηιηιφιο
604 3043 804 3092 coetus
835 3029 1176 3112 frequentes
1212 3045 1449 3113 egerat,
1497 3037 1741 3096 maxime
1789 3035 2038 3095 intentus
2065 3032 2180 3093 De·

184 3118 387 3175 metrio
420 3116 673 3192 Cynicae
705 3119 1075 3179 institutionis
1103 3119 1358 3196 doctori,
1404 3137 1532 3178 cum
1565 3137 1714 3196 quo,
1757 3127 1818 3178 ut
1849 3119 2182 3177 coniectare

188 3208 311 3259 erat
340 3198 653 3261 intentione
682 3201 872 3260 vultus
904 3211 960 3261 et
996 3203 1232 3280 auditis,
1278 3204 1328 3262 si
1361 3222 1471 3281 qua
1503 3202 1716 3264 clarius
1747 3201 2178 3282 proloqueban-
2205 3219 2234 3258 5
2285 3231 2292 3246 ·

189 3292 307 3360 tur,
359 3284 429 3344 de
474 3295 673 3346 natura
709 3287 931 3345 animae
974 3295 1031 3345 et
1076 3287 1490 3348 dissociatione
1531 3288 1765 3366 spiritus
1797 3287 2179 3367 corporisque

71 3332 143 3398 ’ὦ
186 3367 534 3446 inquirebat,
596 3368 787 3428 donec
842 3368 1072 3430 advenit
1109 3371 1391 3430 Domitius
1432 3370 1794 3432 Caecilianus
1849 3389 1923 3429 ex
1973 3369 2180 3428 intimis

39 3479 41 3482 >
76 3433 123 3494 Ρ(
192 3453 385 3510 amicis
430 3460 487 3511 et
529 3454 585 3511 ci
620 3451 755 3530 quid
786 3462 1019 3514 senatus
1056 3456 1381 3514 censuisset
1411 3456 1700 3535 exposuit.
1768 3457 1944 3532 igitur
1972 3453 2183 3515 flentes

38 2744 75 2786 ue
86 2720 117 2804 ll(
136 2747 139 2750 ·
