2475 4000
308 172 320 179 .
737 157 743 180 2

278 199 398 282 1⁴66
489 244 494 252 ·
810 225 1139 274 commmr
1162 223 1400 294 mern
1425 223 1788 270 ANNALmn

402 381 670 442 Ceterum
707 354 1069 459 Agrippinae
1104 379 1414 456 pernicieS,
1447 377 1602 456 quod
1626 377 1724 435 vix
1759 374 2068 451 credibile,
2099 373 2268 434 Plan·

274 470 459 528 cinam
497 467 687 525 traxit.
762 473 939 542 nupta
984 463 1119 522 olirn
1162 459 1267 522 Gn.
1307 462 1502 522 Pisoni
1545 469 1602 520 et
1645 459 1833 538 palam
1885 459 2038 518 laeta
2075 468 2269 535 morte

276 551 625 626 Germanici,
662 557 790 608 cum
819 548 952 608 Piso
992 545 1258 622 caderet,
1295 545 1566 625 precibus
1593 544 1891 620 Augustae
1931 560 2044 602 nec
2083 543 2272 602 minus

273 634 581 694 inimicitiis
623 632 987 712 Agrippinae
1022 630 1260 690 defensa
1303 639 1444 690 erat.
1508 638 1569 688 ut
1609 627 1800 697 odium
1841 635 1900 686 et
1939 626 2124 703 gratia
2171 625 2268 686 de-

210 749 253 786 15
275 721 445 794 siere,
478 718 564 777 ius
599 717 806 785 valuit3
838 717 1131 794 petitaque
1164 713 1494 772 criminibus
1521 711 1672 772 haud
1701 713 1934 788 ignotis,
1971 729 2074 770 sua
2101 727 2272 770 manu

273 821 405 862 sera
436 804 621 880 magis
652 819 819 880 quam
849 800 1109 858 inmerita
1138 797 1422 876 supplicia
1453 796 1753 876 persolvit.

206 895 271 950 27
400 886 499 948 33.
545 885 655 944 Tot
686 883 933 944 luctibus
966 883 1193 942 funesta
1225 882 1456 941 civitate
1488 898 1626 975 pars
1653 879 1934 939 maeroris
1959 879 2080 953 fuit,
2116 877 2272 954 quod

274 970 417 1030 Iulia
444 969 617 1029 Drusi
648 969 783 1044 lilia,
816 966 1099 1046 quondam
1134 965 1388 1036 Neronis
1419 983 1593 1040 uxor,
1639 963 1905 1040 denupsit
1943 963 2002 1020 in
2043 961 2274 1020 domum

273 1053 527 1114 Rubellii
584 1051 816 1128 Blandi,
872 1053 1031 1110 cuius
1082 1068 1250 1109 avum
1303 1048 1596 1110 Tiburtem
1649 1047 1898 1124 equitem
1953 1045 2276 1104 Romanum

276 1139 539 1216 plerique
570 1137 960 1199 meminerant.
1024 1143 1280 1193 extremo
1307 1134 1435 1194 anni
1461 1150 1618 1201 mors
1647 1129 1798 1189 Aelii
1819 1128 2046 1189 Lamiae
2069 1130 2274 1189 funere

227 1247 251 1286 5
279 1223 548 1281 censorio
591 1219 917 1295 celebrata,
962 1219 1059 1296 qui
1094 1211 1570 1278 administrandae
1611 1214 1812 1274 Suriae
1858 1214 2106 1289 imagine
2152 1221 2272 1271 tan·
2349 1223 2358 1230 “

276 1305 404 1364 dem
438 1304 735 1364 exsolutus
780 1302 905 1362 urbi
950 1301 1296 1380 praefuerat.
1373 1318 1558 1376 genus
1596 1299 1680 1358 illi
1731 1297 2037 1372 decorum,
2082 1295 2274 1355 vivida

276 1388 572 1454 senectus;
621 1396 677 1445 et
728 1403 842 1444 non
889 1389 1168 1464 permissa
1216 1386 1512 1463 provincia
1540 1382 1926 1460 dignationem
1956 1379 2270 1440 addiderat.

278 1473 429 1530 exim
457 1469 672 1528 Flacco
702 1469 1022 1546 Pomponio
1056 1469 1258 1528 Suriae
1289 1485 1398 1546 pro
1428 1475 1701 1546 praetore
1725 1464 1998 1526 defuncto
2025 1466 2272 1524 recitan-

277 1564 367 1614 tur
412 1553 679 1614 Caesaris
723 1552 957 1628 literae,
1015 1554 1143 1629 quis
1199 1551 1494 1626 incusabat
1549 1550 1851 1627 egregium
1894 1566 2176 1626 quemque
2217 1557 2277 1606 et

211 1664 259 1705 10
280 1635 555 1714 reg'endis
604 1634 953 1711 exercitibus
995 1634 1264 1694 idoneum
1305 1634 1554 1694 abnuere
1597 1633 1654 1693 id
1703 1651 1932 1710 munus,
1979 1649 2162 1710 seque
2207 1649 2278 1690 ea

280 1719 703 1782 necessitudine
748 1718 819 1778 ad
860 1736 1072 1797 preces
1116 1721 1285 1796 cogi,
1342 1737 1449 1796 per
1500 1736 1642 1795 quas
1673 1717 2062 1776 consularium
2100 1716 2276 1794 aliqui

280 1823 592 1884 capessere
625 1805 957 1882 provincias
988 1801 1388 1879 adigerentur,
1437 1801 1648 1860 oblitus
1692 1801 2052 1877 Arruntium,
2097 1817 2172 1858 ne
2219 1801 2278 1858 in

275 1889 607 1965 Hispaniam
636 1895 935 1968 pergeret,
973 1886 1271 1959 decumum
1307 1888 1416 1960 iam
1445 1903 1646 1946 annum
1683 1886 1925 1945 attineri.
1989 1885 2130 1944 obiit
2177 1901 2275 1946 eo-

276 1974 405 2053 dem
438 1991 585 2035 anno
617 1982 676 2034 et
706 1972 803 2034 M’.
835 1971 1107 2052 Lepidus,
1139 1971 1211 2032 de
1245 1973 1402 2032 cuius
1432 1969 1826 2032 moderatione
1853 1979 2022 2050 atque
2046 1973 2278 2050 sapien·

210 2079 258 2118 15
279 2062 357 2119 tia
384 2060 441 2118 in
478 2057 771 2137 prioribus
802 2057 967 2117 libris
998 2058 1139 2119 satis
1178 2057 1504 2117 conlocavi.
1556 2074 1742 2135 neque
1773 2056 2042 2116 nobilitas
2066 2052 2280 2115 diutius

278 2141 722 2201 demonstranda
765 2150 883 2201 est:
930 2144 1144 2220 quippe
1195 2142 1501 2203 Aemilium
1537 2159 1722 2218 genus
1757 2139 2061 2201 fecundum
2095 2139 2280 2201 bono-

278 2243 401 2286 rum
431 2226 671 2301 cIvium,
715 2233 773 2283 et
804 2226 899 2301 qui
933 2225 1134 2286 eadem
1160 2226 1373 2287 familia
1404 2227 1689 2303 corruptis
1723 2224 2010 2301 moribus,
2051 2224 2282 2283 inlustri

280 2319 468 2368 tamen
498 2308 726 2367 fortuna
758 2326 959 2384 egere.

208 2395 277 2449 28
407 2391 507 2452 34.
553 2392 733 2451 Paulo
764 2390 945 2451 Fabio
980 2391 1040 2451 L.
1073 2392 1310 2451 Vitellio
1349 2392 1682 2454 consulibus
1714 2401 1848 2470 post
1880 2392 2116 2468 longum
2145 2408 2273 2461 sae·

282 2477 539 2536 culorum
582 2476 849 2539 ambitum
894 2477 1016 2534 avis
1058 2474 1312 2552 phoenix
1355 2478 1412 2535 in
1442 2476 1774 2556 Aegyptum
1801 2477 1958 2536 venit
1989 2472 2272 2552 praebuit-

281 2578 391 2637 que
436 2561 737 2621 materiem·
784 2559 1133 2619 doctissimis
1178 2558 1570 2634 indigenarum
1611 2569 1677 2619 et
1717 2559 2068 2621 Graecorum
2095 2556 2274 2617 multa

280 2662 456 2721 super
489 2662 561 2703 eo
596 2643 877 2703 miraculo
910 2641 1255 2702 disserendi.
1317 2643 1390 2703 de
1429 2644 1632 2721 quibus
1667 2653 1990 2721 congruunt
2023 2651 2080 2703 et
2108 2640 2276 2720 plura

234 2752 266 2791 5,
281 2727 576 2805 ambigua,
624 2725 730 2785 sed
773 2729 1006 2803 cognitu
1050 2742 1163 2784 non
1204 2723 1449 2787 absurda
1501 2745 1768 2807 promere
1813 2727 1972 2787 libet.
2051 2744 2282 2787 sacrum

279 2812 403 2871 Soli
433 2810 488 2870 id
520 2810 725 2871 animal
760 2819 817 2868 et
850 2827 966 2869 ore·
985 2826 1055 2869 ac
1098 2807 1364 2871 distinctu
1407 2813 1700 2889 pinnarum
1741 2830 1774 2871 a
1825 2812 2036 2871 ceteris
2077 2810 2282 2871 avibus

279 2894 567 2955 diversum
598 2894 963 2953 consentiunt
994 2895 1087 2971 qui
1115 2893 1356 2955 formam
1397 2898 1520 2955 eius
1559 2897 1871 2956 effinxere:
1919 2894 1992 2955 de
2038 2911 2284 2954 numero

280 2995 554 3043 annorum
603 2979 759 3037 varia
803 2975 1117 3037 traduntur.
1194 2981 1438 3041 maxime
1489 2980 1784 3056 vulgatum
1837 2981 2287 3056 quingentorum

280 3064 551 3141 spatium:
602 3069 731 3121 sunt
773 3061 870 3139 qui
914 3060 1260 3122 adseverent
1297 3065 1452 3124 mille
1487 3062 1940 3141 quadringentos
1977 3064 2288 3138 sexaginta

208 3164 259 3204 ιο
282 3165 447 3205 unum
482 3146 729 3220 interici,
771 3146 1113 3224 prioresque
1146 3147 1296 3206 alios
1339 3158 1462 3208 tres
1501 3147 1779 3207 Sesoside
1823 3148 2096 3225 primum,
2147 3154 2289 3223 post

254 3228 553 3310 ,Amaside
587 3228 1029 3305 dominantibus,
1066 3230 1199 3291 dein
1233 3230 1594 3307 Ptolemae-o,
1631 3232 1833 3309 quiex
1865 3230 2286 3291 Macedo-nibus
2361 3282 2370 3288 .

275 3316 477 3373 tertius
527 3314 823 3390 regnavit,
868 3314 926 3372 in
959 3315 1248 3375 civitatem
1287 3319 1378 3376 cui
1418 3314 1750 3393 Heliopolis
1789 3333 1999 3375 nomen
2045 3314 2286 3375 advola·-

274 3396 466 3471 visse,
500 3396 675 3456 multo
708 3406 1027 3459 ceterarum
1059 3399 1356 3459 volucrum
1387 3393 1660 3470 comitatu
1691 3418 1898 3460 novam
1931 3399 2140 3459 faciem
2179 3399 2286 3457 mi-

275 3480 533 3537 rantium.
607 3481 713 3540 sed
753 3485 1055 3561 antiquitas
1097 3481 1324 3561 quidem
1363 3482 1646 3543 obscura:
1691 3484 1841 3543 inter
1882 3482 2286 3545 Ptolemaeum
