2475 4000
336 201 459 264 104
864 207 1194 258 CORNELII
1218 186 1452 255 TA01T1
1473 205 1840 253 ANNALmM

456 370 556 428 57.
615 367 1045 445 Praeceperant
1086 363 1288 423 animis
1333 361 1650 420 orationem
1705 369 1931 439 patreS‚
1992 373 2108 436 quo
2155 375 2358 437 quae-

334 453 497 512 sitior
528 451 775 510 adulatio
804 450 930 508 fuit.
999 465 1109 507 nec
1142 456 1332 507 tamen
1361 454 1655 524 repertum
1683 445 1789 502 nisi
1825 453 1885 502 ut
1914 443 2144 519 effigies
2184 444 2355 520 prin·

331 539 552 614 cipum,
596 553 724 594 aras
754 534 953 608 deum,
997 532 1213 611 templa
1241 538 1300 589 et
1331 547 1502 588 arcus
1529 527 1754 606 aliaque
1800 528 1968 587 solita
1999 536 2357 604 censerent,

330 621 439 678 nisi
470 619 623 697 quod
650 619 725 678 Μ.
755 618 983 677 Silanus
1016 635 1091 675 ex
1124 613 1468 674 contumelia
1502 612 1832 672 consulatus
1863 612 2148 671 honorem
2182 613 2358 688 prin·

289 701 560 780 scipibus
591 703 795 779 petivit
822 702 1079 777 dixitque
1112 717 1219 778 pro
1263 698 1576 773 sententia,
1620 705 1680 754 ut
1725 694 1972 774 publicis
2014 696 2360 773 privatisve

332 787 693 847 monimentis
740 785 813 845 ad
854 786 1187 844 memoriam
1234 791 1556 860 temporum
1602 799 1717 839 non
1763 779 2062 842 consulum
2104 780 2358 838 nomina

333 869 898 949 praescriberentur,
944 868 1049 942 sed
1092 885 1292 926 eorum
1326 866 1420 944 qui
1458 864 1814 923 tribuniciam
1849 871 2200 941 potestatem
2234 881 2356 938 ge-

328 962 543 1013 rerent.
589 963 667 1012 -at
701 954 769 1027 Q.
804 953 1073 1012 Haterius
1107 970 1234 1011 cum
1272 952 1396 1008 eius
1427 949 1543 1008 diei
1579 958 1811 1008 senatus
1847 947 2111 1006 consulta
2144 949 2356 1006 aureis

330 1039 513 1098 literis
547 1036 779 1114 figenda
809 1039 867 1095 in
902 1039 1057 1096 curia
1093 1036 1450 1111 censuisset,
1497 1031 1815 1093 deridiculo
1846 1031 1952 1091 fuit
1983 1049 2170 1090 senex
2210 1031 2353 1089 foe-

262 1143 313 1183 10
330 1123 599 1186 dissimae
631 1121 970 1180 adulationis
1001 1129 1214 1180 tantum
1245 1119 1475 1184 infamia
1507 1136 1732 1177 usurus.
2263 1145 2268 1148 ·

447 1206 549 1266 58.
590 1205 749 1264 Inter
780 1222 925 1282 quae
972 1205 1275 1282 provincia
1308 1201 1511 1260 Africa
1541 1201 1704 1260 Iunio
1737 1199 1948 1259 Blaeso
1991 1207 2351 1277 prorogata,

330 1290 565 1350 Servius
606 1288 1021 1364 Maluginensis
1073 1288 1280 1347 flamen
1320 1285 1503 1345 Dialis
1548 1293 1610 1343 ut
1650 1284 1848 1344 Asiam
1886 1291 2045 1343 sorte
2089 1282 2356 1341 haberet

329 1371 675 1450 postulavit,
735 1371 946 1430 frustra
999 1372 1293 1447 vulgatum
1345 1370 1614 1429 dictitans
1666 1386 1779 1427 non
1833 1363 2017 1427 licere
2071 1366 2352 1425 Dialibus

331 1453 533 1530 egredi
563 1452 752 1527 Italia,
784 1473 973 1532 neque
1004 1454 1157 1514 aliud
1186 1457 1274 1512 ius
1308 1473 1470 1514 suum
1503 1471 1670 1532 quam
1699 1452 2040 1512 Martialium
2071 1451 2350 1526 Quirina-

283 1559 308 1596 5
328 1539 579 1614 liumque
612 1537 935 1616 flaminumr
956 1555 1159 1616 porro,
1198 1539 1248 1596 si
1282 1537 1338 1596 hi
1366 1539 1666 1599 duxissent
1691 1539 2043 1614 provincias,
2077 1553 2183 1594 cur
2206 1535 2349 1594 Dia-

328 1621 480 1681 libus
524 1621 580 1680 id
629 1618 904 1680 vetitum?
979 1621 1134 1682 nulla
1186 1621 1260 1679 de
1305 1639 1378 1681 eo
1422 1620 1624 1700 populi
1673 1623 1846 1697 scita,
1900 1637 2016 1678 non
2067 1621 2125 1678 in
2173 1619 2350 1678 libris

331 1707 807 1765 caerimoniarum
828 1706 1095 1783 reperiri.
1140 1722 1322 1782 saepe
1346 1707 1654 1784 pontifices
1678 1704 1864 1764 Dialia
1895 1720 2062 1763 sacra
2091 1703 2347 1778 fecisse,

330 1791 379 1849 si
407 1789 610 1848 flamen
644 1787 969 1848 valetudine
1002 1797 1095 1848 aut
1121 1807 1360 1854 munere
1387 1787 1622 1866 publico
1648 1788 2038 1868 impediretur.
2081 1789 2349 1866 quinque

330 1881 387 1932 et
416 1874 783 1952 septuaginta
814 1874 975 1934 annis
1006 1882 1142 1951 post
1175 1871 1434 1934 Cornelii
1462 1872 1722 1933 Merulae
1768 1871 2004 1931 caedem
2047 1874 2346 1931 neminem

264 1975 310 2015 ιο
330 1957 661 2035 suffectum,
708 1975 899 2037 neque
936 1966 1125 2017 tamen
1170 1959 1502 2019 cessavisse
1541 1957 1878 2035 religiones.
1941 1955 2099 2034 quod
2141 1958 2191 2015 si
2229 1974 2346 2036 per

329 2050 413 2101 tot
452 2059 633 2102 annos
675 2044 865 2121 possit
903 2060 1017 2101 nou
1060 2045 1246 2102 creari
1295 2043 1454 2104 nullo
1499 2060 1796 2101 sacrorum
1829 2041 2343 2123 damn0‚squanto

326 2126 555 2185 facilius
588 2126 868 2186 afuturum
898 2127 968 2187 ad
1000 2129 1165 2187 unius
1191 2130 1323 2186 anni
1365 2126 1787 2207 proconsulare
1828 2124 2174 2203 imperium?
2199 2128 2342 2205 'pri-

328 2212 472 2268 vatis
506 2209 642 2268 olim
675 2209 1053 2269 simultatibus
1083 2212 1374 2289 effectum,
1401 2220 1462 2270 ut
1489 2230 1521 2271 a
1549 2210 1922 2290 pontificibus
1952 2210 2215 2270 maximis
2249 2213 2344 2269 ire

327 2294 385 2349 iu
439 2292 770 2370 provincias
815 2293 1291 2371 prohiberentur:
1347 2314 1498 2355 nunc
1549 2294 1715 2353 deum
1766 2312 2003 2354 munere
2055 2312 2343 2353 summum

261 2399 309 2438 15
329 2376 659 2454 pontificum
704 2378 871 2437 etiam
916 2395 1187 2436 summum
1230 2379 1518 2439 hominum
1563 2396 1730 2454 esse,
1787 2396 1902 2438 non
1941 2368 2338 2454 aemulationi,

327 2477 442 2532 non
474 2460 609 2520 odio
644 2470 739 2521 aut
771 2461 1009 2539 privatis
1039 2461 1463 2522 adfectionibus
1497 2463 1826 2522 obnoxium.
2053 2454 2068 2465 ”

451 2545 553 2606 59.
616 2543 915 2605 Adversus
973 2562 1119 2623 quae
1171 2564 1298 2605 cum
1354 2564 1535 2627 augur
1579 2546 1851 2607 Lentulus
1904 2546 2115 2625 aliique
2163 2548 2341 2609 varie

330 2627 715 2706 dissererent,
756 2647 828 2688 eo
861 2628 1164 2687 decursum
1200 2640 1291 2708 est
1319 2640 1380 2689 ut
1409 2632 1701 2709 pontificis
1734 2632 1962 2691 maximi
1989 2632 2342 2692 sententiam

329 2714 755 2791 opperirentur.
823 2712 1089 2772 Tiberius
1120 2712 1296 2774 dilata
1324 2716 1563 2775 notione
1588 2716 1660 2775 de
1679 2717 1803 2775 iure
1828 2716 2092 2793 flaminis,
2125 2715 2341 2776 decre-

324 2804 415 2855 tas
444 2797 518 2856 ob
550 2796 905 2857 tribuniciam
933 2796 1107 2857 Drusi
1138 2805 1490 2877 potestatem
1534 2801 1916 2861 caerimonia-s
1961 2801 2340 2880 temperavit,

278 2895 303 2934 5
335 2882 663 2940 nominatim
704 2898 955 2956 arguens
999 2880 1363 2942 insolentiam
1407 2886 1728 2943 sententiae
1767 2901 2089 2962 aureasque
2127 2884 2343 2945 literas

328 2973 527 3025 contra
574 2966 815 3043 patrium
858 2982 1095 3025 morem.
1167 2969 1445 3028 recitatae
1489 2978 1548 3027 et
1590 2969 1763 3030 Drusi
1805 2969 2091 3049 epistulae
2136 2988 2342 3047 quam·

326 3044 493 3124 «fuam
544 3048 616 3108 ad
667 3047 1002 3123 modestiam
1063 3048 1252 3111 flexae
1300 3068 1408 3131 pro
1465 3053 1893 3132 superbissimis
1946 3054 2339 3132 accipiuntur.

322 3129 435 3190 huc
466 3131 755 3192 decidisse
788 3141 1022 3207 cuncta,
1065 3143 1126 3193 ut
1168 3154 1241 3194 ne
1275 3137 1500 3196 iuvenis
1531 3136 1760 3215 quidem
1788 3146 1946 3198 tanto
1977 3136 2204 3197 honore
2235 3157 2338 3198 ac-

325 3224 498 3293 cepto
528 3214 712 3275 adiret
743 3215 901 3274 urbis
930 3215 1095 3294 deos,
1130 3218 1537 3296 ingrederetur
1572 3230 1862 3299 senatum,
1911 3223 2171 3299 auspicia
2216 3222 2338 3282 sal-

256 3314 305 3355 ¹0
324 3304 438 3357 tem
468 3298 687 3375 gentile
719 3300 867 3377 apud
898 3300 1083 3361 solum
1114 3304 1419 3384 inciperet.
1483 3304 1697 3365 bellum
1723 3306 1948 3365 scilicet
1971 3315 2067 3367 aut
2091 3306 2338 3367 diverso

322 3388 601 3442 terrarum
646 3382 935 3464 distineri,
985 3386 1159 3447 litora
1206 3397 1268 3448 et
1313 3388 1475 3447 lacus
1519 3387 1867 3469 Campaniae
1911 3408 2038 3450 cum
2081 3392 2339 3450 maxime

324 3476 749 3543 peragrantem.
806 3472 892 3530 sic
923 3470 1095 3531 imbui
1123 3481 1416 3531 rectorem
1447 3476 1683 3549 generis
1708 3474 1966 3551 humani,
1999 3474 2056 3535 id
2086 3478 2338 3554 primum
