2475 4000
411 199 566 275 '304
904 182 910 188 ’
974 217 1300 266 CORNELII
1327 213 1559 263 uon-1
1584 215 1945 273 Ani-tamn,

444 375 650 436 crebro
680 375 859 452 ipsius
882 387 1147 431 sermone
1174 370 1325 430 facta
1354 368 1527 445 fides,
1563 368 1879 446 promptius
1905 369 2011 435 iam
2041 367 2116 426 de
2149 375 2393 446 tempore

369 486 425 526 20
445 477 511 520 ac
552 458 687 518 loco
730 455 925 515 caedis
966 453 1276 531 agitabant.
1337 461 1395 511 et
1441 453 1672 529 cepisse
1717 454 1984 528 impetum
2011 449 2257 510 Subrius
2287 450 2392 510 Fla-

443 561 546 601 vus
577 539 869 602 ferebatur
896 539 951 596 in
992 555 1201 596 scaena
1234 544 1530 595 canentem
1557 534 1846 594 Neronem
1876 533 2281 610 adgrediendi,
2321 542 2396 591 aut

445 643 570 684 cum
600 631 637 694 †
666 623 901 683 ardente
946 621 1113 680 domo
1154 637 1262 698 per
1293 627 1520 678 noctem
1552 618 1676 676 hnc·
1697 618 1833 677 illuc
1865 625 2126 677 cursaret
2166 618 2394 676 incusto-

346 750 351 763 .
443 708 607 782 ditus.
664 707 757 767 hic
784 707 1017 764 occasio
1045 701 1362 762 solitudinis
1379 748 1396 779 ‚
1429 701 1504 761 ibi
1529 701 1655 779 ipsa
1677 701 2000 779 frequentia
2022 701 2166 759 tanti
2187 699 2395 759 decoris

441 792 606 852 testis
663 789 1101 867 pulcherrimum
1146 785 1241 844 ad
1297 783 1549 862 facinus
1597 785 1837 843 animum
1890 779 2392 855 exstimulaveraut,

366 897 422 936 25
442 875 550 932 nisi
580 869 1157 949 impunitatis-cupido
1186 869 1547 943 retinuisset,
1587 868 1808 943 maguis
1851 883 2082 944 semper
2121 865 2395 926 conatibus

444 957 705 1016 adversa.
1089 961 1093 966 ’
1779 948 1786 957 “

434 1041 439 1046 ’
562 1041 661 1099 51.
705 1037 935 1096 Interim
979 1033 1372 1095 cunctantibus
1407 1031 1938 1111 prolatantibusque
1983 1049 2152 1110 spem
2193 1049 2258 1090 ac
2293 1049 2393 1089 me·

440 1133 554 1183 tum
594 1120 896 1200 Epicharis
938 1118 1246 1196 quaedam,
1303 1117 1578 1176 incertum
1619 1133 1862 1193 quonam
1900 1115 2074 1175 modo
2129 1116 2394 1174 sciscitata

420 1209 662 1288 fineque
689 1203 773 1262 illi
808 1211 935 1262 ante
964 1201 1078 1261 ulla
1114 1218 1303 1260 rernm
1336 1200 1700 1259 honestarum
1732 1216 1866 1257 cura
1909 1198 2168 1276 fuerat),
2211 1215 2392 1256 accen-

442 1288 580 1347 dere
608 1295 667 1346 et
692 1303 936 1362 arguere
956 1285 1325 1360 coniuratos,
1359 1301 1428 1342 ac
1459 1291 1808 1359 postremum
1838 1281 2193 1341 lentitudinis
2221 1296 2393 1340 eorum

388 1394 419 1432 s
444 1378 807 1449 pertaesa·et
847 1370 902 1427 in
950 1365 1258 1445 Campania
1299 1383 1480 1442 agens
1526 1352 1808 1443 primores
1853 1365 2274 1424 classiariorum
2307 1361 2389 1421 m·-

336 1481 341 1486 ·
444 1453 766 1512 senensium
808 1449 1139 1510 labefacere
1182 1459 1240 1510 et
1280 1450 1629 1510 conscientia
1664 1448 1906 1524 inligare
1951 1449 2154 1507 conisa
2189 1455 2280 1524 'est
2308 1444 2390 1504 tali

442 1535 619 1593 initio.
686 1543 809 1591 erat
838 1533 1158 1592 navarchus
1184 1535 1241 1592 in
1271 1550 1340 1592 ea
1373 1533 1562 1592 classe
1593 1531 1868 1592 Volusius
1899 1530 2214 1605 Proculus,
2261 1528 2389 1588 occi-

444 1616 661 1676 dendae
702 1615 898 1675 matris
940 1615 1187 1674 Neronis
1232 1617 1382 1674 iuter
1415 1616 1731 1691 ministros,
1773 1632 1888 1673 non
1929 1612 2388 1691 exmaguitndine
2431 1635 2433 1686 3

442 1699 685 1780 sceleris
716 1707 1048 1776 provectus,
1083 1707 1142 1757 ut
1168 1697 1419 1760 rebatur.
1484 1701 1532 1758 is
1561 1691 1781 1757 mulieri
1811 1698 1948 1758 olim
1978 1699 2271 1774 cognitus,
2305 1709 2390 1752 seu
2431 1695 2433 1740 1

377 1801 426 1840 ιο
440 1799 649 1841 recens
678 1789 802 1842 orta
829 1781 1091 1857 amicitia,
1144 1781 1274 1840 dum
1303 1782 1503 1840 merita
1533 1798 1676 1857 erga
1703 1780 1996 1840 Neronem
2023 1798 2130 1840 sua
2157 1787 2214 1839 et
2247 1793 2386 1856 quam

440 1867 499 1924 in
536 1866 756 1923 inritum
791 1863 1137 1924 cecidissent
1174 1865 1360 1942 aperit
1393 1863 1678 1943 adicitque
1718 1872 1953 1942 questus
1995 1873 2054 1924 et
2085 1859 2385 1924 destinatio-

442 1965 569 2007 nem
597 1947 914 2023 vindictae,
948 1949 996 2007 si
1026 1947 1270 2009 facultas
1299 1955 1594 2025 oreretur,
1633 1963 1793 2026 spem
1823 1947 1979 2007 dedit
2000 1963 2182 2027 posse
2213 1940 2385 2023 inpelli

442 2042 501 2091 et
535 2032 730 2109 plures
770 2032 1111 2105 conciliare:
1164 2049 1276 2091 nec
1316 2032 1446 2091 l'eve
1491 2032 1758 2092 auxilium
1806 2032 1862 2090 in
1907 2031 2130 2109 classe,
2179 2026 2384 2089 crebras

440 2116 814 2191 occasiones,
858 2118 987 2193 quia
1009 2106 1167 2175 Ner'o
1196 2115 1380 2173 multo
1403 2114 1554 2191 apud
1584 2113 1859 2175 Puteolos
1895 2124 1954 2173 et
1991 2114 2264 2175 Misenum
2292 2126 2382 2168 ma·

375 2216 423 2255 ιδ
442 2199 521 2255 ris
554 2215 658 2255 usu
701 2196 1033 2257 laetabatur.
1096 2215 1243 2275 ergo
1275 2197 1581 2275 Epicharis
1615 2198 1807 2276 plura;
1857 2207 1916 2257 et
1958 2198 2146 2269 omnia
2187 2192 2380 2256 scelera

346 2332 356 2345 ,
443 2279 715 2356 principis
760 2280 1007 2357 orditur,
1050 2298 1238 2359 neque
1273 2273 1470 2340 sancti'
1494 2281 1627 2359 quid
1668 2299 1919 2341 manere.
1983 2281 2091 2341 sed
2123 2278 2380 2360 provisum

441 2378 681 2449 quonam
723 2362 899 2421 modo
939 2379 1159 2442 poenas
1202 2381 1446 2424 eversae
1475 2365 1562 2423 rei
1603 2364 1868 2442 publicae
1903 2364 2101 2425 daret:
2147 2362 2375 2433 accinge·

438 2452 595 2503 retur
640 2445 811 2504 modo
852 2462 1061 2505 navare
1099 2464 1339 2525 operam
1384 2455 1442 2506 et
1481 2448 1712 2507 militum
1763 2450 2076 2507 acerrimos
2110 2447 2308 2509 ducere
2335 2439 2379 2495 in

298 2582 311 2601 ,
438 2536 661 2604 partes,
706 2546 774 2587 ac
816 2528 982 2606 digna
1026 2532 1209 2608 pretia
1243 2538 1638 2607 exspectaret;
1673 2533 1897 2590 nomina
1933 2525 2122 2591 tamen
2155 2528 2374 2590 coniura‘·
2413 2520 2422 2549 ⁵

367 2618 621 2669 aetorum
649 2612 891 2671 reticuit.
951 2612 1098 2671 unde
1140 2612 1366 2686 Proculi
1408 2613 1673 2673 indicium
1717 2614 1940 2673 inritum
1973 2614 2113 2689 fuit,
2147 2604 2376 2691 quamvis

436 2710 507 2751 ea
538 2710 683 2770 quae
714 2695 967 2754 audierat
1010 2695 1079 2754 ad
1114 2696 1404 2755 Neronem
1436 2696 1752 2757 detulisset.
1809 2698 1994 2756 accita
2029 2700 2237 2775 qnippe
2262 2687 2373 2764 ΕΡῘ·

438 2774 627 2833 charis
670 2785 728 2835 et
765 2795 891 2837 cum
923 2778 1109 2837 indice
1140 2780 1463 2857 composita
1491 2779 1666 2839 nullis
1693 2779 1936 2840 testibus
1967 2780 2204 2839 innisum
2231 2768 2372 2833 facile

436 2858 766 2920 confutavit.
826 2860 929 2919 sed
960 2862 1085 2938 ipsa
1112 2862 1169 2919 in
1200 2862 1457 2923 custodia
1486 2872 1708 2923 retenta
1745 2872 1865 2939 est,
1897 2868 2256 2941 suspectante
2281 2852 2373 2913 Ne·

436 2957 580 2999 rone
610 2941 755 3001 hand
782 2942 929 3001 falsa
960 2962 1091 3003 esse
1123 2946 1466 3024 etiamquae
1497 2964 1638 3006 vera
1665 2962 1782 3006 non
1815 2946 2218 3025 probabantur.

561 3024 661 3083 52.
710 3023 1031 3085 Coniuratis
1060 3036 1250 3087 tamen
1278 3038 1430 3088 metu
1467 3028 1806 3106 proditionis
1839 3030 2112 3107 permotis
2139 3023 2370 3108 placitum

435 3115 716 3167 maturare
760 3108 991 3169 caedem
1034 3110 1183 3189 apud
1223 3111 1392 3171 Baias
1420 3113 1476 3171 iu
1507 3112 1643 3173 villa
1682 3114 1936 3189 Pisonis,
1973 3113 2133 3173 cuins
2161 3100 2367 3170 amoeni·

434 3198 551 3249 tate
598 3201 797 3269 captus
830 3190 1047 3252 Caesar
1092 3193 1300 3255 mebi-o
1343 3194 1658 3255 ventitabat
1709 3196 2055 3275 balneasque
2100 3204 2160 3255 et
2203 3185 2368 3268 epulas

432 3271 608 3331 inibat
650 3275 879 3333 omissis
924 3276 1183 3336 excubiis
1215 3271 1282 3336 'et
1334 3276 1595 3353 fortunae
1647 3295 1785 3339 suae
1835 3279 2009 3340 mole.
2071 3276 2172 3339 sed
2209 3266 2368 3332 abnuit

388 3372 414 3411 ο
437 3353 569 3413 Piso
589 3400 605 3429 ‚
640 3356 901 3417 invidiam
931 3359 1334 3436 praetendens,
1365 3362 1416 3419 si
1445 3377 1608 3421 sacra
1637 3379 1872 3423 mensae
1893 3362 2064 3440 dique
2085 3340 2366 3441 hospitales

432 3436 615 3495 caede
672 3440 1099 3520 qualiscumque
1160 3444 1438 3522 principis
1479 3454 1938 3505 cruentarentur:
1997 3443 2192 3503 melius
2243 3426 2365 3513 apud
2425 3496 2427 3517 ἒ
