2475 4000
705 195 711 201 '
819 169 1030 259 mann
1051 213 1098 259 1.
1125 211 1273 258 cu».
1294 210 1531 264 76—81.
1614 234 1625 247 ·
2088 196 2169 259 39

320 364 419 427 79.
459 364 668 435 Actum
697 362 904 422 deinde
932 362 992 421 in
1025 371 1224 421 senatu
1248 362 1317 421 ab
1351 356 1617 423 Arruntio
1653 374 1709 424 et
1736 366 1939 443 Ateio,
1984 382 2055 424 an
2091 362 2167 423 ob

187 446 574 508 moderandas
606 446 835 506 Tiberis
877 444 1293 505 exundationes
1334 454 1692 507 verterentur
1732 448 1953 510 flumina
1994 456 2055 508 et
2088 448 2167 507 la-

193 551 321 607 cus,
353 550 457 609 per
489 548 634 609 quos
657 531 948 606 augescit:
981 527 1326 606 auditaeque
1366 528 1792 603 municipiorum
1824 542 1883 591 et
1912 531 2167 593 colonia·

190 634 316 675 rum
343 614 664 691 legationes
684 659 701 690 ,
729 611 1024 675 orantibus
1057 611 1438 686 FlorentiniS,
1480 628 1553 669 ne
1584 608 1774 670 Clanis
1802 612 1965 673 solito
1996 615 2169 675 alveo

192 700 453 759 demotus
482 699 538 755 in
569 714 790 756 amnem
821 695 1039 755 Arnum
1061 695 1469 755 transferretur
1495 692 1666 771 idque
1695 695 1835 771 ipsis
1860 699 2166 773 perniciem
2189 708 2217 749 ὅ

193 782 464 843 adferret.
529 781 901 857 congruentia
957 779 1048 838 his
1090 778 1501 838 Interamnates
1545 776 1904 836 disseruere:
1945 780 2174 856 pessum

189 868 371 925 ituros
400 862 844 923 fecundissimos
875 860 1076 923 Italiae
1113 873 1381 939 campos,
1424 862 1472 919 si
1516 861 1697 921 amnis
1724 859 1845 921 Nar
1900 861 1987 940 (id
2029 865 2175 921 enim

189 940 536 1027 parabatur)
570 948 628 1005 in
665 949 824 1006 rivos
860 945 1118 1006 diductus
1162 946 1745 1023 superstagnavisset.
1807 961 1917 1002 nec
1953 944 2177 1004 Reatini

187 1030 462 1106 silebant,
496 1030 764 1089 Velinum
792 1030 1010 1105 lacum,
1061 1046 1173 1106 qua
1213 1031 1273 1088 in
1309 1027 1522 1087 Narem
1570 1026 1906 1103 effunditur,
1959 1025 2177 1086 obstrui

183 1121 560 1189 recusanteS,
613 1116 826 1193 quippe
865 1115 924 1171 in
965 1112 1282 1171 adiacentia
1325 1120 1682 1188 erupturum;
1732 1118 1963 1189 optume
2004 1108 2179 1171 rebus
2197 1123 2245 1163 ιο

189 1197 513 1259 mortalium
549 1197 910 1257 consuluisse
941 1204 1219 1270 naturam,
1246 1212 1391 1272 quae
1418 1212 1520 1253 sua
1544 1210 1647 1253 ora
1665 1193 2009 1271 fluminibus,
2040 1209 2175 1252 suos

192 1300 397 1347 cursus
437 1288 612 1358 utque
656 1282 969 1356 originem,
1013 1280 1091 1337 ita
1128 1278 1271 1337 fines
1313 1276 1561 1346 dederit3
1614 1277 1957 1355 spectandas
2008 1277 2180 1337 etiam

190 1366 513 1441 religiones
545 1367 865 1441 sociorum,
908 1363 1003 1439 qui
1037 1379 1204 1421 sacra
1234 1370 1292 1433 et
1322 1361 1488 1420 lucos
1522 1369 1579 1419 et
1608 1378 1739 1421 aras
1776 1362 1973 1440 patriis
2004 1360 2177 1421 amni·

191 1448 302 1507 bus
331 1446 683 1506 dicaverint:
719 1447 852 1523 quin
879 1446 1065 1525 ipsum
1096 1444 1348 1505 TiberIm
1374 1438 1533 1503 nolle
1561 1462 1799 1523 prorsus
1825 1446 2046 1506 accolis
2075 1444 2175 1503 flu-

193 1532 306 1589 viis
349 1528 610 1588 orbatum
659 1531 878 1588 minore
921 1527 1109 1605 gloria
1148 1526 1349 1589 fluere.
1411 1546 1512 1587 seu
1562 1545 1773 1606 preces
1826 1528 2175 1589 coloniarum
2195 1540 2245 1582 ιε

195 1632 300 1673 seu
325 1612 632 1674 difficultas
661 1629 910 1692 operum,
933 1614 1058 1671 sive
1089 1612 1418 1691 superstitio
1453 1612 1648 1687 valuit,
1682 1620 1739 1671 ut
1760 1612 1818 1670 in
1840 1614 2177 1672 sententiam

194 1698 424 1757 Pisonis
462 1695 897 1770 concederetur,
931 1699 1024 1773 qui
1054 1696 1132 1755 nil
1163 1694 1485 1757 mutandum
1519 1703 1841 1755 censuerat.

315 1778 420 1843 80.
466 1779 826 1857 Prorogatur
864 1778 1142 1859 Poppaeo
1186 1778 1399 1839 Sabino
1444 1781 1742 1856 provincia
1785 1778 2049 1858 Moesia,
2080 1776 2176 1837 ad-

191 1864 320 1924 ditis
361 1864 586 1925 Achaia
626 1882 695 1924 ac
736 1862 1094 1924 Macedonia.
1159 1862 1217 1921 id
1264 1878 1495 1941 quoque
1537 1878 1756 1920 morum
1796 1860 2008 1921 Tiberii
2052 1859 2175 1936 fuit,

189 1950 526 2010 continuare
564 1948 806 2028 imperia
851 1964 921 2007 ac
958 1947 1275 2026 plerosque
1324 1943 1397 2004 ad
1447 1944 1616 2002 tinem
1670 1945 1823 2001 vitae
1879 1945 1939 2005 in
1996 1942 2178 2001 isdem

190 2032 548 2096 exercitibus
583 2028 680 2092 aut
712 2030 1201 2092 iurisdictionibus
1231 2027 1471 2088 habere.
1527 2041 1736 2086 causae
1765 2026 1925 2084 varie
1956 2025 2176 2084 tradun-

185 2123 305 2176 tur:
340 2116 437 2174 alii
464 2114 657 2174 taedio
691 2109 882 2173 novae
923 2131 1094 2172 curae
1140 2111 1319 2170 semel
1360 2109 1573 2189 placita
1613 2127 1721 2188 pro
1768 2109 2017 2170 aeternis
2059 2123 2222 2167 ser-5

189 2197 448 2270 vavisse,
483 2195 706 2273 quidam
731 2196 977 2271 invidia,
1018 2213 1090 2254 ne
1121 2195 1321 2273 plnres
1361 2194 1711 2263 fruerentur3
1762 2201 1890 2253 sunt
1924 2193 2018 2272 qui
2061 2193 2178 2252 exi·

195 2281 448 2350 stiment,
481 2287 542 2335 ut
570 2277 834 2338 callidum
866 2279 988 2336 eius
1017 2279 1335 2358 ingenium,
1370 2278 1455 2350 ‚ita
1480 2280 1705 2337 anxium
1744 2276 2037 2348 iudicium;
2080 2295 2178 2335 ne-

196 2378 312 2440 que
347 2360 498 2418 enim
528 2361 826 2419 eminentis
846 2361 1086 2418 virtutes
1113 2359 1470 2438 sectabatur,
1506 2370 1577 2420 et
1615 2378 1835 2422 rursum
1880 2362 2015 2422 vitia
2042 2360 2178 2420 ode·

193 2453 317 2505 rat:
353 2459 428 2502 ex
460 2442 689 2520 optimis
716 2443 1029 2521 periculum
1053 2443 1197 2519 sibi,
1237 2461 1270 2502 a
1301 2445 1565 2522 pessimis
1600 2443 1852 2504 dedecus
1893 2443 2181 2521 publicum

193 2526 506 2587 metuebat.
581 2543 694 2603 qua
731 2525 1108 2588 haesitatione
1152 2535 1448 2607 postremo
1490 2544 1562 2586 eo
1603 2533 1916 2606 provectus
1956 2534 2077 2601 est,
2124 2532 2181 2583 ut
2199 2537 2250 2578 ιο

193 2609 553 2670 mandaverit
585 2607 920 2687 quibusdam
943 2611 1295 2690 provincias,
1330 2627 1476 2688 quos
1508 2609 1710 2686 egredi
1738 2608 1881 2669 urbe
1910 2625 2026 2668 non
2060 2616 2181 2668 erat

239 2712 495 2754 assurus.
1763 2742 1767 2747 .
2147 2701 2167 2713 ‘

161 2713 238 2775 ‘p
329 2777 431 2838 81.
468 2776 558 2836 De
589 2777 834 2837 comitiis
863 2777 1278 2855 consularibus,
1312 2794 1458 2855 quae
1488 2784 1603 2836 tum
1632 2777 1871 2855 primum
1899 2775 2001 2835 illo
2031 2776 2181 2854 prin·

193 2863 337 2946 ‘cipe
364 2878 434 2920 ac
463 2860 743 2941 deinceps
768 2858 954 2937 fuer'e,
979 2862 1078 2920 vix
1102 2863 1404 2939 quicquam
1433 2861 1658 2920 firmare
1690 2861 1899 2920 ausim:
1930 2859 2075 2919 adeo
2100 2858 2181 2918 di-

195 2961 372 3004 versa
394 2962 508 3004 non
531 2944 704 3004 modo
735 2943 888 3024 apud
927 2952 1196 3004 auctores
1237 2943 1340 3004 sed
1386 2945 1443 3003 in
1482 2945 1663 3022 ipsius
1708 2942 2181 3004 orationibusre-

141 3092 147 3100 ,
199 3028 514 3106 periuntur.
567 3028 740 3089 modo
765 3027 1072 3088 subtractis
1097 3027 1524 3088 candidatorum
1552 3028 1872 3088 nominibus
1904 3027 2183 3103 originem

199 3113 476 3190 cuiusque
501 3121 559 3170 et
586 3113 758 3173 vitam
793 3121 852 3172 et
879 3109 1163 3191 stipendia
1193 3111 1535 3188 descripsit,
1576 3113 1755 3192 utqui
1787 3112 1981 3171 forent
2019 3108 2181 3168 intel·
2202 3120 2227 3160 5

197 3195 527 3271 legeretur:
565 3195 870 3275 aliquando
901 3213 971 3255 ea
1009 3211 1238 3273 quoque
1271 3195 1689 3271 significatione
1722 3195 2011 3255 subtracta
2054 3209 2181 3252 can-

198 3277 426 3338 didatos
455 3278 732 3356 hortatus,
769 3297 842 3340 ne
876 3279 1087 3340 ambitu
1117 3278 1349 3338 comitia
1380 3277 1695 3353 turbarent,
1729 3296 1886 3338 suam
1917 3277 1987 3337 ad
2010 3275 2067 3336 id
2090 3292 2180 3335 cu-

99 3359 107 3366 ’
147 3437 155 3444 ⁸
195 3379 322 3420 ram
351 3361 642 3440 pollicitus
667 3372 773 3423 est.
831 3364 1168 3443 plerumque
1205 3375 1312 3420 eos
1341 3365 1562 3422 tantum‘
1584 3361 1736 3440 apud
1776 3379 1839 3421 se
1876 3361 2179 3440 professos

197 3443 488 3522 disseruit,
523 3447 763 3523 quorum
793 3447 1020 3508 nomina
1045 3445 1383 3506 consulibus
1410 3445 1714 3514 edidisset;
1748 3462 1925 3525 posse
1950 3454 2007 3505 et
2034 3443 2182 3506 alios
2268 3512 2276 3520 .
