2475 4000
792 230 999 278 mssa
1025 230 1137 277 xv.
1176 228 1324 277 cAP.
1357 231 1409 282 1.
1803 225 1809 232 “
1968 223 2090 287 283

191 389 349 440 Novae
370 387 507 435 urbis
530 385 704 436 facies.
750 387 835 436 44.
860 385 1019 434 Petita
1044 386 1143 436 diis
1169 385 1367 450 piacula
1397 384 1600 434 frustra.
1650 387 1873 438 Incendii
1902 389 2090 440 invidia

186 460 235 506 in
272 455 577 506 Christianos
615 454 850 504 devoluta
893 454 1074 504 misere
1117 455 1443 504 excruciatos,
1505 454 1592 504 45.
1645 455 1836 504 Italiam
1853 493 1867 515 ,
1909 461 2090 519 socios,

186 524 363 589 templa
384 523 565 588 spoliat
593 522 754 581 Nero;
784 530 1098 571 aversantem
1133 522 1187 571 id
1202 519 1450 587 ‘Senecam
1485 535 1678 570 veneno
1712 525 1852 586 petit.

284 591 366 642 46.
404 589 745 640 Gladiatorum
784 591 976 656 eruptio
1012 591 1152 655 apud
1183 590 1468 639 Praeneste.
1523 589 1709 639 Classis
1749 590 1813 639 ad
1842 591 2090 644 Misenum

184 663 375 712 amissa.
430 659 518 708 47.
550 658 803 724 Prodigia.
858 657 941 708 48.
983 658 1267 709 Coniuratio
1295 657 1494 708 Pisonis
1518 659 1570 706 in
1601 658 1867 707 Neronem.
1895 662 1979 714 49.
2002 662 2088 717 50,

189 730 561 780 Coniuratorum
585 729 803 788 nomina,
839 741 1005 776 mores
1021 764 1035 786 ,
1065 728 1294 776 odiorum
1317 728 1372 775 in
1398 726 1647 775 Neronem
1669 741 1864 776 causae.
1913 731 1978 780 Iis
2010 747 2088 780 ac—

185 799 304 847 cedit
344 795 508 845 Rufus
554 795 839 861 praefectus
880 796 1150 860 praetorio,
1211 793 1377 845 Subrii
1417 794 1650 859 impetus.
1700 793 1785 846 51.
1829 793 2091 861 Epicharis

185 868 386 915 classem
424 872 623 913 tentans
657 865 897 928 proditur.
958 863 1043 913 52.
1083 862 1464 913 Coniuratorum
1501 865 1714 929 impetus
1748 865 2028 914 retardatus
2063 881 2094 915 a

181 936 354 984 Pisone
400 933 463 982 ob
512 947 653 981 sacra
682 947 901 982 mensae.
960 931 1042 982 53.
1080 931 1231 980 Aliud
1267 932 1639 982 coniuratorum
1675 933 1954 981 consilium.
2005 934 2090 983 54.

180 1002 404 1052 Scaevini
433 1001 783 1065 imprudentia.
838 999 1067 1050 Milichus
1110 1015 1287 1049 servus
1325 1000 1502 1050 herum
1538 999 1727 1060 defert,
1774 1002 1859 1063 qui
1883 1004 2091 1066 egregie

180 1087 231 1120 se
266 1069 517 1128 defendit,
559 1070 651 1119 sed
684 1070 913 1119 muliebri
950 1070 1135 1118 astutia
1173 1068 1582 1132 deprehenditur.
1646 1067 1732 1119 55.
1763 1069 1850 1118 56.
1903 1069 2108 1132 Natalis,

178 1139 568 1188 coniurationem
589 1137 787 1197 fatetur,
808 1137 1058 1196 Pisonem,
1084 1137 1326 1186 Senecam
1347 1139 1586 1196 nominat,
1609 1137 1843 1187 Lucanus
1867 1146 2090 1186 matrem.

178 1208 255 1256 57.
286 1204 553 1271 Epicharis
586 1208 845 1255 tormentis
870 1206 1140 1254 dilacerata
1179 1205 1360 1254 mirum
1396 1205 1514 1254 fidei
1546 1206 1829 1272 exemplum
1851 1214 2090 1272 praestat.

178 1277 255 1326 58.
306 1275 438 1324 Nero
481 1287 596 1322 reos
628 1275 791 1334 audit,
832 1288 958 1336 quos
982 1274 1226 1322 violenter
1255 1282 1405 1338 urget
1438 1272 1602 1322 Rufus
1637 1275 1952 1323 dissimulata
1975 1279 2094 1322 con—

174 1344 393 1393 scientia.
443 1341 529 1392 59.
558 1340 674 1391 Piso
704 1343 944 1406 neglectis
972 1343 1244 1396 amicorum
1267 1342 1469 1391 monitis
1495 1342 1750 1391 occiditur.
1800 1343 1921 1392 Eius
1942 1350 2094 1391 testa—

175 1421 393 1463 mentum
427 1419 477 1459 et
505 1425 651 1461 uxor.
702 1410 787 1461 60.
819 1409 904 1460 61.
956 1410 1146 1460 Caedes
1170 1411 1406 1459 Laterani
1445 1419 1494 1458 et
1529 1409 1764 1459 Senecae.
1815 1411 1974 1459 Huius
2003 1411 2094 1459 de-

176 1481 333 1530 fensio
360 1487 550 1544 spreta.
612 1479 698 1529 62.
762 1478 993 1543 Supremi
1020 1490 1296 1528 sermones.
1353 1478 1436 1528 63.
1487 1480 1666 1528 Amica
1703 1479 1952 1528 contentio
1982 1493 2093 1528 cum

176 1563 355 1609 uxore,
411 1549 556 1595 cuius
594 1555 803 1598 mortem
844 1546 1059 1596 inhiberi
1103 1546 1235 1596 Nero
1278 1548 1505 1612 imperat.
1571 1546 1788 1597 Senecae
1828 1549 2092 1605 cruciatuS,

178 1632 321 1675 mors,
360 1615 534 1664 funus:
580 1615 664 1666 65.
708 1617 823 1681 Ipse
864 1615 1143 1664 destinatus
1184 1617 1456 1681 imperator
1493 1631 1524 1664 a
1549 1615 1744 1665 Subri0.
1796 1616 1878 1666 66.
1932 1615 2094 1664 Rufus

174 1684 417 1750 proditur.
475 1683 559 1732 67.
594 1683 677 1734 68.
720 1683 885 1735 Subrii
919 1683 1107 1743 Flavii,
1146 1685 1332 1749 Aspri,
1381 1685 1594 1733 aliorum
1625 1692 1910 1734 constantes
1946 1697 2095 1731 voees

174 1761 218 1801 et
246 1754 431 1802 exitus.
490 1752 606 1800 Rufi
626 1753 875 1802 mollities.
923 1750 1007 1802 69.
1041 1750 1173 1800 Nero
1195 1753 1460 1802 Vestinum
1489 1755 1717 1814 quamvis
1747 1753 1998 1802 insontem
2018 1752 2095 1799 in-

173 1822 378 1879 terimit;
430 1819 512 1868 70.
541 1820 623 1869 71.
655 1833 775 1870 mox
804 1820 1078 1879 Lucanum,
1114 1819 1457 1880 Senecionem,
1489 1819 1865 1879 Quinctianum,
1895 1819 2094 1868 Scaevi-

174 1904 304 1937 num.
358 1881 605 1937 Simulata
639 1905 728 1953 per
770 1887 944 1936 urbem
988 1887 1195 1953 gaudia.
1259 1888 1514 1936 Indieibus
1547 1888 1800 1948 praemia,
1848 1888 2096 1950 suspectis

171 1957 374 2006 militiae
418 1958 641 2017 vacatio,
702 1956 815 2005 aliis
864 1957 1029 2003 exilia.
1097 1956 1179 2001 72.
1220 1953 1541 2016 Turpiliano,
1586 1951 1796 2010 Nervae,
1848 1952 2094 2014 Tigellino

170 2024 519 2087 triumphalia,
552 2023 855 2087 Nymphidio
882 2022 1165 2068 consularia
1189 2019 1413 2082 insignia
1436 2018 1567 2066 data.
1635 2018 1716 2067 73.
1760 2016 1890 2064 Nero
1917 2018 2095 2065 adver—

173 2106 283 2139 sum
316 2106 546 2137 rumores
570 2106 627 2136 se
653 2096 853 2150 purgat.
914 2085 1157 2132 Gallionis
1191 2086 1484 2147 periculum.
1535 2085 1617 2134 74.
1663 2084 1714 2131 S.
1747 2083 1800 2134 C.
1829 2082 1890 2133 ob
1923 2096 2095 2135 serva-

171 2165 273 2203 tum
298 2156 567 2203 Neronem.
610 2154 771 2217 Pugio
796 2150 1025 2199 Scaevini
1049 2150 1244 2199 dicatus
1268 2152 1373 2200 Iovi
1400 2150 1620 2201 Vindici.

272 2221 425 2268 Gesta
455 2219 579 2268 haec
604 2221 747 2267 annis
777 2219 929 2284 paulo
954 2218 1169 2282 amplius
1193 2219 1380 2280 tribus,
1409 2218 1462 2269 C.
1490 2219 1723 2271 Memmio
1748 2221 1944 2286 Regulo
1969 2223 2096 2272 Ver-
2177 2266 2186 2285 ,

173 2288 312 2351 ginio
350 2286 512 2346 Rufo,
556 2287 609 2337 G.
656 2287 904 2336 Laecanio
939 2286 1097 2335 Basso
1130 2286 1197 2335 M.
1238 2286 1426 2336 Licinio
1453 2287 1662 2350 Crasso,
1701 2289 1755 2338 P.
1787 2289 1906 2338 Silio
1931 2290 2097 2355 Nerva

173 2355 222 2404 C.
249 2355 375 2405 Iulio
412 2355 577 2404 Attico
603 2355 813 2404 Vestino
840 2369 972 2404 coss
1370 2369 1387 2383 ³
1549 2351 1566 2365 ‘

225 2454 283 2511 1.
339 2450 568 2509 Interea
610 2470 715 2511 rex
770 2452 1106 2513 Parthorum
1150 2454 1484 2529 Vologeses
1531 2455 1778 2529 cognitis
1810 2452 2093 2513 Corbulo·

114 2536 191 2593 nis
234 2533 411 2594 rebus
453 2552 769 2614 regemque
822 2537 1201 2615 alienigenam
1247 2536 1534 2613 Tigranen
1572 2537 1877 2596 Armeniae
1913 2539 2092 2615 impo-

116 2621 300 2694 situm,
346 2620 509 2678 simul
550 2618 727 2678 fratre
770 2620 1023 2681 Tiridate
1067 2622 1235 2699 pulso
1281 2629 1534 2697 spretum
1561 2620 1966 2680 Arsacidarum
2009 2622 2092 2680 fa-

114 2704 333 2779 stigium
362 2703 447 2762 ire
476 2702 649 2761 ultum
672 2703 895 2781 volenS,
926 2704 1311 2781 magnitudine
1341 2722 1562 2762 rursum
1584 2704 1842 2763 Romana
1868 2713 1926 2763 et
1956 2722 2092 2763 con·

113 2787 241 2843 tinui
271 2786 525 2844 foederis
555 2789 879 2847 reverentia
910 2789 1167 2847 diversas
1192 2787 1263 2846 ad
1288 2804 1455 2845 curas
1479 2785 1826 2863 trahebatur,
1861 2796 2087 2847 cuncta·
2113 2814 2137 2851 5

112 2876 197 2927 tor
228 2870 462 2945 ingenio
510 2878 568 2929 et
596 2869 924 2930 defectione
980 2872 1405 2946 Hyrcanorum,
1438 2871 1631 2947 gentis
1664 2871 1919 2949 validae,
1952 2871 2090 2929 mul·

113 2955 293 3030 tisque
340 2971 414 3012 ex
455 2971 528 3012 eo
572 2953 743 3014 bellis
786 2954 1077 3032 inligatus.
1131 2964 1302 3031 atque
1341 2954 1496 3013 illum
1540 2954 1860 3031 ambiguum
1907 2973 2092 3014 novus

114 3037 341 3115 insuper
372 3038 595 3097 nuntius
628 3038 1006 3097 contumeliae
1039 3034 1392 3097 exstimulat:
1429 3040 1641 3117 quippe
1675 3056 1950 3114 egressus
1982 3039 2090 3097 Ar-

114 3122 289 3179 menia
315 3119 594 3197 Tigranes
629 3121 993 3198 Adiabenos,
1024 3121 1433 3183 conterminam
1460 3123 1778 3197 nationem,
1826 3121 1992 3181 latius
2020 3130 2098 3182 ac'

115 3203 311 3262 diutius
354 3222 521 3283 quam
554 3223 660 3283 per
690 3206 988 3265 latrocinia
1016 3212 1373 3279 vastaverat,
1426 3204 1595 3281 idque
1626 3206 1908 3282 primores
1949 3224 2093 3283 gen·
2113 3231 2163 3271 10

114 3287 241 3345 tium
279 3306 455 3363 aegre
498 3288 849 3349 tolerabant:
894 3306 965 3348 eo
1012 3289 1455 3373 contempti-onis
1495 3286 1865 3365 descensum,
1913 3299 1972 3349 ut
2017 3308 2090 3348 ne

116 3368 253 3429 duce
292 3371 515 3449 quidem
558 3373 817 3432 Romano
862 3372 1318 3447 incursarentur,
1361 3371 1464 3431 sed
1511 3372 1829 3431 temeritate
1872 3373 2090 3433 obsidis

115 3462 192 3512 tot
248 3472 348 3531 per
394 3471 574 3513 annos
616 3457 764 3516 inter
819 3457 1100 3534 mancipia
1152 3454 1349 3513 habiti.
1422 3454 1778 3516 accendebat
1829 3457 2095 3519 dolorem
