2475 4000
1269 133 1302 158 t

390 202 511 266 126
902 211 1230 262 coeman
1258 177 1489 259 nonu
1516 210 1886 259 Αιιιιᾼιιιιιι
1945 191 1962 214 “

511 367 611 429 28.
669 365 859 428 Isdem
922 367 1274 426 consulibus
1311 366 1666 427 miseriarum
1725 381 1793 424 ac
1857 367 2136 426 saevitiae
2209 377 2440 426 exem-

385 455 541 534 plum
572 461 757 528 atrox,
787 469 923 510 reus
954 459 1150 530 pater,
1194 459 1499 510 accusator
1527 450 1677 512 filius
1721 450 1976 528 (nomen
2013 451 2267 527 utrique
2322 451 2436 510 Vi·

382 539 513 597 bius
557 535 843 614 Serenus)
888 536 945 593 in
986 543 1243 593 senatum
1281 529 1496 592 inducti
1540 541 1698 608 sunt,
1749 531 1823 590 ab
1868 533 2045 592 exilio
2098 542 2438 592 retractus

382 621 712 698 inluvieque
743 637 815 679 ac
854 618 1127 696 squalore
1161 617 1396 677 obsitus
1436 625 1500 676 et
1533 627 1651 678 tum
1695 625 1898 677 catena
1947 619 2184 676 vinctus
2233 627 2436 696 pater

339 711 584 764 sorante
628 704 775 765 filio:
821 710 1199 780 praeparatus
1247 701 1592 760 adulescens
1647 699 1838 759 multis
1889 701 2220 776 munditiis,
2297 702 2432 761 ala·

384 791 467 848 cri
494 788 676 864 vultu,
708 794 955 846 structas
980 784 1225 864 principi
1257 783 1522 861 insidias,
1561 786 1774 844 missos
1805 785 1864 842 in
1903 782 2148 844 Galliam
2197 787 2432 844 conei-

382 882 545 932 tor‘es
558 870 700 931 belli
714 868 888 929 index
906 868 1055 928 idem
1070 878 1129 928 et
1142 871 1307 928 testis
1323 866 1570 944 dicebat,
1589 867 2050 946 adnectebatque
2067 867 2429 928 Caecilium

385 955 694 1016 Cornutum
728 954 1079 1033 praetorium
1108 953 1523 1012 ministravisse
1562 952 1893 1030 pecuniam:
1939 952 2034 1029 qui
2062 951 2276 1011 taedio
2317 971 2426 1011 cn-

380 1058 590 1115 rarum‚
628 1047 687 1097 et
717 1039 848 1117 quia
879 1036 1197 1116 periculum
1228 1053 1336 1115 pro
1369 1037 1547 1096 exitio
1578 1034 1914 1111 habebatur,
1945 1045 2195 1096 mortem
2229 1035 2301 1094 in
2353 1053 2428 1094 se

312 1133 362 1174 1⁰
383 1123 697 1184 festinavit.
757 1131 815 1180 at
856 1129 1056 1180 contra
1093 1138 1227 1180 reus
1278 1119 1415 1178 nibil
1457 1119 1704 1178 infracto
1751 1121 1937 1179 animo
1991 1119 2298 1178 obversus
2359 1121 2424 1178 in

380 1209 557 1270 lilium
600 1213 838 1285 quatere
884 1203 1104 1280 vincla,
1146 1220 1362 1281 vocare
1405 1203 1628 1265 ultores
1672 1202 1852 1280 deos,
1900 1213 1959 1262 ut
2001 1202 2108 1262 sibi
2153 1203 2424 1281 quidem
2461 1257 2468 1264 .

378 1290 690 1353 redderent
720 1289 973 1364 exilium,
1003 1288 1100 1347 ubi
1129 1288 1338 1366 procul
1367 1287 1467 1347 tali
1507 1303 1669 1346 more
1705 1291 1936 1364 ageret,
1983 1287 2156 1346 filium
2193 1297 2421 1347 antem

384 1375 727 1452 quandoque
767 1371 1051 1452 supplicia
1093 1380 1492 1448 sequerentur.
1567 1368 2064 1449 adseverabatque
2105 1373 2418 1430 innoeen-

381 1467 497 1516 tem
531 1455 840 1514 Cornutum
874 1463 931 1514 et
960 1455 1109 1515 salso
1145 1457 1507 1524 exterritum
1551 1454 1725 1533 idque
1755 1454 1929 1514 facile
1956 1453 2258 1515 intellectu
2281 1500 2304 1531 ‚
2359 1458 2417 1514 si

315 1563 365 1604 15
385 1539 769 1619 proderentur
801 1538 923 1597 alii.
971 1555 1086 1596 non
1117 1540 1265 1596 enim
1301 1555 1364 1596 se
1399 1536 1635 1598 caedem
1667 1539 1946 1618 principis
1975 1548 2036 1598 et
2068 1555 2167 1598 res
2197 1557 2415 1600 novas

380 1640 494 1682 uno
526 1623 691 1682 socio
722 1622 1039 1698 cogitasse.

508 1706 608 1768 29.
654 1705 794 1765 Tum
838 1712 1148 1764 accusator
1190 1703 1295 1764 Gn.
1336 1705 1634 1765 Lentulum
1679 1715 1736 1766 et
1775 1707 1968 1766 Seium
2011 1704 2412 1768 Tuberonem

380 1791 665 1872 nominat,
715 1804 925 1866 magno
974 1788 1195 1866 pudore
1240 1787 1544 1866 Caesam,
1597 1808 1724 1848 cum
1775 1791 2060 1868 primores
2107 1791 2407 1868 civitati3‚

380 1859 559 1933 intimi
586 1875 769 1950 ipsius
800 1871 989 1950 amici,
1020 1873 1294 1932 Lentulus
1317 1875 1636 1957 senec-tutis
1667 1882 1990 1951 extremae,
2015 1873 2253 1933 Tubero
2287 1875 2406 1934 de-

378 1957 538 2019 fecto
583 1973 867 2037 corpore,
912 1955 1180 2017 tumultus
1222 1955 1452 2017 hostilis
1492 1967 1551 2017 et
1595 1957 1908 2019 turbandae
1958 1957 2045 2017 rei
2108 1956 2408 2037 publicae

330 2067 355 2105 5
380 2052 840 2103 accerserentur.
906 2041 1010 2103 sed
1036 2041 1092 2100 hi
1130 2042 1356 2120 quidem
1389 2044 1576 2101 statim
1609 2036 1903 2121 exempti:
1941 2044 1999 2101 in
2038 2051 2267 2120 patrem
2315 2062 2404 2103 ex

380 2128 566 2186 servis
612 2112 963 2202 quaesitum,
1019 2135 1077 2185 et
1134 2128 1396 2204 quaestio
1437 2126 1684 2185 adversa
1721 2126 2048 2186 accusatori
2087 2125 2214 2185 fuit.
2287 2129 2400 2205 qui

378 2209 607 2267 scelere
640 2224 909 2283 vaecors,
940 2210 1105 2269 simul
1140 2210 1301 2287 vulgi
1328 2226 1558 2270 rumore
1587 2209 1852 2286 territum,
1879 2209 2058 2269 robur
2087 2219 2148 2269 et
2178 2228 2398 2269 saxum

378 2300 473 2351 aut
501 2291 914 2368 parricidarum
950 2310 1173 2369 poenas
1202 2294 1599 2370 minitantium,
1645 2294 1820 2355 cessit
1861 2293 2027 2353 urbe.
2085 2312 2178 2353 ac
2199 2303 2394 2354 retra-

381 2384 505 2433 ctus
532 2374 807 2434 Ravenna
843 2377 1083 2452 exsequi
1115 2379 1542 2439 accusationem
1578 2377 1848 2454 adigitur,
1892 2394 2008 2437 non
2047 2376 2392 2437 occultante

310 2474 361 2515 10
383 2458 617 2519 Tiberio
648 2468 815 2518 vetus
848 2458 1036 2517 odium
1076 2458 1382 2518 adversum
1405 2462 1654 2520 exulem
1701 2462 2000 2520 Serenum.
2067 2476 2190 2519 nam
2237 2470 2393 2537 post

380 2541 699 2602 damnatum
727 2540 1002 2601 Libonem
1047 2543 1236 2601 missis
1279 2542 1351 2601 ad
1401 2542 1708 2605 Caesarem
1753 2545 1934 2604 literis
1978 2542 2388 2623 exprobrave-

376 2636 464 2685 rat
505 2644 666 2686 suum
704 2635 917 2686 tantum
960 2625 1205 2685 studium
1266 2628 1391 2684 sine
1439 2626 1628 2688 fructu
1693 2629 1906 2705 fuisse,
1963 2626 2388 2706 addideratque

380 2710 657 2789 quaedam
704 2710 1093 2769 contumacius
1136 2726 1301 2790 quam
1341 2718 1515 2770 tutum
1557 2712 1716 2791 apud
1769 2730 1939 2773 aures
1989 2711 2274 2792 superbas
2325 2722 2392 2771 et

379 2793 684 2853 offensioni
715 2796 1039 2872 proniores
1105 2810 1174 2853 ea
1205 2791 1422 2853 Caesar
1453 2803 1587 2855 octo
1615 2804 1750 2875 post
1779 2813 1960 2856 annos
1987 2796 2225 2871 rettulit,
2258 2810 2386 2854 me·

310 2901 358 2941 15
380 2876 531 2935 dium
570 2886 794 2955 tempus
838 2878 996 2936 varie
1037 2894 1318 2953 arguenS,
1379 2880 1547 2939 etiam
1599 2881 1646 2939 si
1701 2889 1983 2941 tormenta
2043 2880 2386 2965 pervicacia

378 2978 675 3020 servorum
708 2970 906 3019 contra
936 2961 1284 3021 evenissent.

505 3043 605 3107 30
632 3043 835 3103 Dictis
888 3043 1019 3103 dein
1070 3047 1368 3105 sententiis
1432 3056 1494 3105 ut
1549 3049 1801 3106 Serenus
1867 3064 2030 3107 more
2099 3047 2388 3105 maiorum

379 3125 703 3205 puniretur,
737 3143 849 3206 quo
881 3128 1132 3187 molliret
1160 3130 1462 3206 invidiam,
1496 3131 1843 3191 intercessit.
1905 3130 2104 3192 Gallus
2139 3129 2390 3190 Asinius

379 3227 513 3271 cum
555 3211 746 3285 Gyaro
790 3220 883 3271 aut
923 3210 1155 3272 Donusa
1220 3212 1596 3275 claudendum
1659 3224 1960 3291 cen-seret,
2015 3215 2074 3274 id
2140 3232 2390 3291 quoqne

380 3303 719 3373 aspernatus
761 3302 877 3372 est,
942 3313 1186 3373 egenam
1243 3315 1426 3374 aquae
1481 3307 1776 3376 utramque
1825 3298 2066 3359 insulam
2103 3298 2386 3357 reserens

328 3396 353 3435 5
380 3376 713 3456 dandosque
766 3381 918 3441 vitae
973 3398 1110 3439 usus
1167 3382 1258 3439 cui
1299 3383 1416 3440 vita
1465 3382 1904 3444 concederetur.
1977 3384 2057 3441 ita·
2113 3382 2386 3441 Serenus

374 3458 690 3537 Amorgum
743 3473 1089 3543 reportatur.
1180 3473 1239 3523 et
1303 3466 1431 3541 quia
1483 3462 1768 3526 Cornutus
1829 3484 1931 3526 sua
1988 3483 2158 3525 manu
2219 3464 2380 3525 ceci-
