2475 4000
705 210 914 259 menn
955 213 1028 259 ιι
1075 212 1225 260 cap.
1273 211 1537 265 ιιι-21.
1703 178 1707 187 ’
2034 202 2117 265 49

112 368 377 447 rapiunt;
427 364 636 445 plebes
681 333 1004 443 primores,
1050 366 1313 426 iuventus
1354 384 1525 426 senes
1568 374 1773 445 agmen
1802 368 2115 431 Romanum

112 459 364 531 repente
393 451 716 524 incursant,
749 448 996 508 turbant.
1057 458 1355 526 postremo
1384 438 1642 527 deligunt
1670 453 1857 513 locum
1888 450 2113 512 flumine
2136 468 2169 515 s

113 546 175 597 et
221 534 388 593 silvis
431 534 725 607 clausum,
767 540 892 591 arta
933 534 1082 591 intus
1127 533 1365 631 planitie
1408 543 1468 592 et
1506 534 1719 595 umida:
1760 536 1934 595 silvas
1973 553 2111 613 quo·

113 637 236 719 que
294 617 576 695 profunda
618 616 784 695 palus
814 613 1090 692 ambibat,
1133 618 1240 675 nisi
1270 616 1423 695 quod
1455 618 1603 677 latus
1634 636 1799 677 unum
1832 619 2112 695 Angriva-

116 705 186 765 rii
226 702 347 762 lato
384 717 606 777 aggere
632 699 986 774 extulerant,
1020 717 1134 777 quo
1165 716 1198 759 a
1227 699 1539 761 Cheruscis
1560 700 1972 761 dirimerentur.
2020 702 2115 761 hic
2194 722 2200 737 ¹

114 786 307 867 pedes
347 782 586 843 adstitit.
635 784 885 861 equitem
920 786 1263 861 propinquis
1294 784 1440 845 lucis
1476 794 1715 861 texere,
1748 792 1811 844 ut
1835 785 2115 861 ingressis

116 871 326 930 silvam
358 865 686 944 legionibus
718 885 751 926 a
775 875 949 943 tergo
980 866 1153 928 foret.
2045 888 2059 913 r
2120 898 2169 938 ,ο

245 952 350 1013 20.
407 950 560 1010 Nihil
610 969 704 1010 ex
761 950 850 1009 his
899 949 1136 1013 Caesari
1185 952 1565 1028 incognitum:
1636 952 1893 1012 consilia
1928 951 2115 1052 locos,

27 1038 32 1063 ¹
116 1042 406 1121 prompta
427 1034 656 1094 occulta
699 1043 942 1093 noverat
969 1044 1241 1113 astusque
1271 1034 1563 1094 hostium
1546 1054 1602 1094 ιιι
1607 1036 1946 1115 perniciem
1974 1036 2117 1112 ipsis

112 1119 404 1181 vertebat.
475 1118 614 1177 Seio
645 1116 938 1185 Tuberoni
983 1118 1180 1195 legato
1223 1118 1395 1177 tradit
1425 1120 1672 1198 equitem
1708 1136 2115 1197 campumque;

113 1204 374 1285 peditum
405 1202 588 1261 aciem
616 1203 694 1261 ita
723 1203 1021 1277 instruxit,
1053 1211 1113 1260 ut
1142 1202 1279 1279 pars
1308 1218 1496 1281 aequo
1527 1204 1583 1262 in
1611 1202 1814 1281 silvam
1844 1202 1998 1261 aditu
2034 1202 2115 1260 in-

115 1288 390 1362 cederet,
444 1302 579 1364 pars
626 1285 914 1344 obiectum
955 1302 1237 1361 aggerem
1282 1287 1625 1355 eniteretur:
1684 1280 1838 1365 qu'od
1884 1286 2117 1345 arduum
2136 1310 2162 1349 ⁵

115 1372 262 1448 sibi,
303 1378 500 1431 cetera
534 1370 746 1469 legatis
775 1369 1050 1447 permisit.
1121 1368 1325 1447 quibus
1355 1369 1526 1448 plana
1558 1378 1901 1446 evenerant,
1942 1369 2117 1429 facile

111 1460 424 1533 inrupere.-
457 1454 584 1530 quis
611 1455 704 1531 inf
711 1452 1013 1529 ugnandus
1043 1470 1261 1529 agger,
1289 1462 1349 1513 ut
1378 1456 1427 1513 si
1467 1472 1681 1514 murum
1714 1453 2113 1528 succederent,

111 1538 395 1618 gravibus
430 1554 680 1617 superne
711 1535 920 1596 ictibus
956 1535 1443 1597 conflictabantur.
1509 1541 1687 1598 sensit
1716 1538 1831 1597 dux
1858 1539 2116 1615 inparem
2163 1591 2171 1601 ,

113 1623 434 1684 comminus
477 1636 726 1699 pugnam
766 1622 1122 1698 remotisque
1163 1621 1394 1699 paulum
1432 1622 1761 1699 legionibus
1799 1620 2115 1699 funditores

111 1707 530 1791 libritoresque
569 1713 846 1764 excutere
884 1704 1000 1765 tela
1031 1712 1088 1763 et
1118 1706 1459 1783 proturbare
1489 1705 1715 1766 hostem
1750 1704 1925 1765 iubet.
1984 1704 2113 1763 mis·
2138 1720 2183 1761 10

111 1809 220 1851 sae
273 1808 304 1849 e
353 1790 654 1849 tormentis
695 1788 927 1864 hastae,
978 1797 1304 1867 quantoque
1354 1792 1653 1866 conspicui
1690 1790 1871 1865 magis
1901 1806 2114 1866 propu-

109 1882 430 1953 gnatores,
479 1882 638 1933 tanto
683 1872 942 1951 pluribus
983 1872 1321 1932 vulneribus
1360 1871 1587 1931 deiecti.
1656 1874 1871 1949 primus
1900 1871 2116 1932 Caesar

112 1976 246 2020 cum
288 1958 597 2038 praetoriis
641 1950 979 2018 cohortibus
1021 1965 1196 2035 capto
1239 1954 1395 2016 vallo
1432 1936 1589 2014 dedit
1618 1956 1891 2033 ἰιιιρειιιιιι
1924 1956 1980 2013 in
2019 1954 2115 2012 sil-

107 2060 253 2110 vas:
309 2042 544 2101 conlato
595 2041 718 2100 illic
759 2041 943 2118 gradu
993 2049 1291 2100 certatum.
1372 2038 1595 2099 hostem
1624 2057 1659 2099 a
1706 2047 1876 2116 tergo
1928 2036 2115 2116 palus,

105 2129 412 2195 Romanos
441 2125 651 2184 flumen
695 2133 790 2184 aut
819 2133 1046 2184 montes
1077 2121 1451 2182 claudebant:
1494 2125 1752 2201 utrisque
1787 2122 2117 2182 necessitas
2134 2137 2183 2178 ιε

107 2213 179 2268 in
206 2209 344 2265 loco
361 2251 378 2282 ,
413 2224 552 2284 spes
579 2208 637 2266 in
663 2209 900 2283 virtute,
925 2207 1080 2266 salus
1109 2225 1184 2267 ex
1217 2207 1477 2267 victoria.

247 2289 348 2349 21.
399 2288 526 2348 Nec
567 2292 748 2349 minor
781 2290 1079 2351 Germanis
1119 2291 1363 2366 animus,
1406 2291 1510 2351 sed
1541 2309 1761 2368 genere
1791 2307 2025 2369 pugnae
2056 2297 2117 2348 et

111 2387 409 2436 armorum
471 2372 920 2450 superabantur,
979 2391 1105 2432 cum
1167 2376 1374 2452 ingens
1426 2374 1720 2434 multitudo
1770 2377 1909 2440 artis
1966 2374 2115 2433 locis

113 2457 479 2554 praelongas
502 2455 696 2517 hastas
721 2475 834 2524 non
859 2457 1262 2537 protenderet,
1296 2475 1410 2536 uon
1437 2459 1778 2536 colligeret,
1810 2473 1997 2534 neque
2020 2455 2115 2516 ad·

117 2527 366 2601 sultibus
420 2549 480 2599 et
521 2540 834 2600 velocitate
877 2559 1187 2620 corporum
1232 2531 1517 2619 uteretur,
1574 2551 1777 2602 coacta
1806 2539 2013 2600 stabile
2046 2538 2115 2598 ad

115 2623 437 2705 proelium:
485 2633 682 2683 contra
713 2624 910 2702 miles,
943 2627 1034 2684 cui
1063 2636 1281 2686 scutum
1315 2629 1540 2706 pectori
1572 2626 1909 2706 adpressum
1942 2631 2001 2682 et
2032 2623 2115 2680 in·
2140 2643 2165 2681 5
2268 2638 2281 2642 ·

118 2708 314 2769 sidens
366 2707 574 2788 capulo
609 2725 840 2785 manus,
887 2671 1036 2769 latos
1070 2709 1442 2770 barbarorum
1474 2719 1657 2786 artus,
1702 2708 1848 2768 nuda
1886 2723 1987 2766 ora
2029 2706 2117 2767 fo-

119 2792 291 2851 deret
334 2794 598 2869 viamque
641 2801 838 2868 strage
879 2791 1122 2854 hostium
1168 2796 1452 2873 aperiret,
1498 2796 1829 2872 inprompto
1856 2793 1966 2853 iam
1993 2787 2112 2850 Ar·

116 2875 308 2936 minio
325 2876 399 2936 ob
425 2878 694 2936 continua
716 2876 994 2954 pericula,
1020 2878 1147 2936 sive
1170 2877 1329 2937 illum
1350 2895 1563 2937 recens
1584 2886 1890 2956 acceptum
1910 2873 2115 2932 vulnus

119 2958 464 3020 tardaverat.
514 2961 646 3036 quin
670 2967 728 3018 et
749 2958 1188 3036 Inguiomerum,
1211 2970 1332 3021 tota
1355 2961 1688 3022 volitantem
1706 2962 1863 3037 acie,
1888 2958 2115 3036 fortuna

119 3044 306 3120 magis
347 3061 514 3122 quam
558 3045 742 3103 virtus
773 3042 1100 3102 deserebat.
1175 3053 1234 3104 et
1262 3044 1633 3105 Gemanicus
1664 3062 1779 3124 quo
1806 3043 1989 3118 magis
2020 3039 2115 3099 ad·
2135 3056 2182 3117 ιο

125 3136 536 3204 gnosceretur,
583 3127 915 3188 detraxerat
953 3128 1207 3203 tegimen
1235 3130 1410 3206 capiti
1442 3128 1758 3206 orabatque
1784 3128 2117 3186 insisterent

124 3209 426 3271 caedibus:
459 3210 542 3270 nil
569 3227 717 3288 opus
743 3213 1022 3290 captivis,
1055 3211 1237 3271 solam
1272 3211 1707 3272 internicionem
1730 3212 1922 3288 gentis
1946 3210 2115 3268 finem

124 3294 285 3354 bello
316 3293 464 3353 fore.
494 3293 719 3373 iamque
750 3313 884 3355 sero
909 3296 1024 3354 diei
1047 3294 1311 3355 subducit
1334 3302 1409 3354 e'x
1438 3297 1565 3354 acie
1589 3293 1879 3372 legionem
1901 3293 2113 3353 facien-

121 3377 213 3438 dis
259 3379 492 3438 castris:
531 3389 762 3439 ceterae
807 3380 876 3440 ad
918 3389 1146 3440 noctem
1179 3395 1387 3440 cruore
1420 3379 1665 3438 hostium
1693 3380 1932 3439 satiatae
1966 3384 2113 3436 sunt.

125 3463 354 3540 equites
381 3461 648 3538 ambigue
665 3473 998 3524 certavere.
2136 3487 2185 3528 ιε

209 3565 382 3603 ‘mem
417 3565 558 3605 rAns
597 3567 636 3605 1.
1777 3549 1815 3608 4
