2475 4000
389 185 474 246 42
883 191 1213 240 connum
1256 189 1491 239 mom
1532 190 1899 238 nummum

459 350 626 400 Novos
672 347 888 396 honores
932 354 1194 396 aversatur
1223 346 1496 420 Tiberius..
1544 345 1629 397 88.
1672 345 1907 393 Aminii-
1930 346 2111 395 caedes
2154 352 2207 393 et
2250 359 2383 409 prae-

519 431 673 465 nium.

458 433 516 468 co
560 484 695 532 Haec
729 490 874 548 gesta
916 483 1060 531 aunis
1093 491 1356 545 quattuor,
1394 497 1526 531 coss.
1574 483 1631 532 T.
1666 481 1858 532 Statilio
1888 481 2103 532 Sisenna
2134 481 2306 529 Tauro
2348 488 2381 526 et

458 554 521 607 L.
565 552 824 602 Scribonio
855 550 1074 623 Libone,
1117 551 1174 602 C.
1211 550 1379 601 Caelio
1411 550 1544 621 Rufo
1590 560 1639 599 et
1668 550 1725 599 L.
1759 551 2033 617 Pomponio
2066 550 2244 599 Flacco
2264 586 2278 607 ,
2322 548 2377 595 Ti.

459 622 672 672 Caesare
702 622 936 684 Augusto
975 620 1044 668 111
1083 627 1131 669 et
1163 618 1459 669 Germanico
1488 618 1703 669 Caesare
1733 620 1807 679 II,
1850 619 1915 668 M.
1950 620 2098 668 Iunio
2130 616 2311 666 Silano
2347 622 2379 661 et

459 690 515 743 G.
531 690 784 759 ⁸Norbano
819 687 1017 737 Flacco·
1329 716 1335 723 ·
2442 619 2444 729 ⁴

521 778 574 835 1.
621 776 866 834 Sisenna
937 771 1163 831 Statilio
1215 770 1406 831 Tauro
1460 772 1524 832 L.
1572 772 1793 831 Libone
1848 769 2183 831 consulibus
2242 777 2381 829 mota

393 860 631 921 orientis
674 873 856 933 regna
895 856 1351 933 provinciaeque
1383 856 1709 931 Romanae,
1760 854 1919 914 initio
1962 852 2115 933 apud
2150 853 2380 913 Parthos

394 954 520 1005 orto
542 989 558 1020 ,
592 943 687 1022 qui
716 940 956 1020 petitum
982 939 1164 999 Roma
1197 948 1612 1018 acceptumque
1644 953 1881 1015 regem,
1915 938 2175 1017 quamvis
2204 937 2379 1013 gentis

391 1026 827 1100 Arsacidarum,
871 1032 930 1083 ut
977 1030 1274 1082 externum
1312 1022 1785 1100 aspernabantur.
1854 1024 1906 1082 is
1948 1021 2053 1081 fuit
2090 1022 2377 1091 Vonones,

342 1112 567 1173 sobses
609 1108 872 1185 Augusto
915 1106 1078 1166 datus
1127 1124 1158 1165 a
1199 1105 1463 1166 Phraate.
1559 1124 1690 1166 nam
1726 1104 2015 1183 ‚Phraates
2058 1120 2376 1184 quamquam

393 1195 713 1274 depulisset
747 1193 1038 1251 exercitus
1068 1190 1364 1267 ducesque
1393 1190 1721 1266 Romanos,
1768 1198 1973 1249 cuncta
2002 1190 2375 1247 venerantium

395 1279 585 1340 officia
647 1276 716 1335 ad
754 1274 1075 1351 Augustum
1131 1281 1389 1333 verterat
1445 1283 1783 1352 partemque
1845 1273 2029 1352 prolis
2086 1271 2375 1331 firmandae

392 1361 677 1422 amicitiae
715 1360 977 1435 miserat,
1019 1356 1168 1416 haud
1214 1355 1457 1434 perinde
1488 1359 1673 1417 nostri
1712 1364 1867 1416 metu
1903 1373 2070 1435 quam
2115 1356 2259 1415 fidei
2295 1370 2371 1433 po·

396 1443 676 1524 pularium
706 1440 947 1500 diffisus.

361 1584 365 1589 .
560 1526 618 1585 2.
648 1524 788 1583 Post
815 1525 982 1582 linem
1013 1522 1271 1582 Phraatis
1291 1527 1361 1582 ‘et
1390 1524 1747 1602 sequentium
1782 1541 1984 1600 regum
2014 1522 2089 1581 ob
2140 1525 2369 1582 internas
2446 1535 2448 1565 Ι

339 1646 343 1649 -
395 1610 607 1672 caedes
636 1624 853 1667 venere
884 1609 942 1665 in
973 1605 1173 1665 urbem
1204 1606 1385 1683 legati
1416 1626 1449 1666 a
1481 1599 1827 1685 primoribus
1857 1606 2116 1683 Parthis,
2150 1609 2252 1685 qui
2280 1607 2371 1665 Vo-

393 1711 603 1754 nonem
631 1692 1074 1750 vetustissimum
1104 1689 1419 1767 liberorum
1449 1693 1573 1750 eius
1603 1692 1879 1751 accirent.
1941 1691 2307 1767 magnificum
2329 1684 2369 1745 id

396 1777 506 1837 sibi
550 1774 796 1835 credidit
838 1773 1056 1834 Caesar
1102 1774 1375 1853 auxitque
1422 1775 1651 1854 opibus.
1726 1784 1786 1833 et
1828 1792 2119 1853 accepere
2165 1770 2369 1833 barbari

343 1880 370 1919 5
398 1862 712 1936 laetanteS,
753 1868 813 1917 ut
851 1858 1034 1917 ferme
1077 1857 1147 1917 ad
1176 1874 1329 1917 nova
1357 1859 1617 1937 imperia.
1682 1852 1820 1917 mox
1860 1858 2031 1918 subiit
2068 1857 2256 1937 pudor
2296 1854 2369 1913 de·
2446 1904 2448 1937 ÷

394 1946 770 2024 generavisse
801 1942 1078 2005 Parthos:
1128 1944 1365 2022 petitum
1406 1941 1519 2002 alio
1562 1960 1639 2002 ex
1678 1941 1821 2003 orbe
1871 1959 2105 2019 regem,
2151 1940 2369 2002 hostium

393 2029 614 2091 artibus
660 2030 963 2096 infectum;
1005 2029 1116 2087 iam
1159 2029 1309 2087 inter
1351 2027 1683 2106 provincias
1712 2028 2003 2088 Romanas
2028 2026 2255 2106 solium
2282 2023 2367 2082 Ar·

394 2114 711 2174 sacidarum
767 2111 967 2171 haberi
1021 2110 1282 2188 darique.
1362 2110 1457 2170 ubi
1513 2110 1668 2170 illam
1709 2110 1957 2188 gloriam
1996 2111 2369 2170 trucidantium

395 2196 697 2270 Crassum,
751 2193 1168 2253 exturbantium
1210 2193 1555 2272 Antonium,
1622 2195 1670 2252 si
1712 2194 2055 2272 mancipium
2096 2191 2368 2264 Caesaris,

326 2289 376 2331 10
393 2288 478 2338 tot
519 2295 626 2357 per
665 2295 847 2337 annos
886 2280 1218 2337 servitutem
1251 2296 1627 2358 perpessum,
1668 2278 1893 2339 Parthis
1924 2273 2254 2356 imperitet?
2294 2291 2368 2333 ac·
2449 2307 2450 2338 ς

395 2359 680 2423 cendebat
718 2359 1095 2437 dedignantes
1145 2369 1204 2419 et
1244 2363 1375 2440 ipse
1416 2361 1679 2422 diversus
1726 2381 1759 2422 a
1788 2363 2063 2423 maiorum
2098 2359 2369 2430 institutis,

391 2464 528 2506 raro
562 2435 802 2522 venatu,
847 2446 1012 2521 segni
1045 2462 1325 2524 equorum
1357 2463 1521 2515 cura;
1567 2447 1834 2524 quotiens
1864 2464 1972 2526 per
2011 2437 2188 2515 urbes
2236 2443 2370 2501 ince-

395 2531 596 2606 deret,
630 2529 875 2589 lecticae
906 2530 1224 2605 gestamine
1256 2528 1523 2606 fastuque
1554 2547 1697 2606 erga
1728 2533 1946 2609 patrias
1976 2526 2197 2610 epulas,
2257 2526 2372 2583 inri-

394 2613 674 2674 debantur
731 2620 791 2672 et
836 2612 1042 2673 Graeci
1093 2613 1334 2672 comites
1399 2630 1469 2672 ac
1536 2613 1807 2673 vilissima
1848 2607 2374 2763 utensiliuganulo

326 2713 376 2754 15
397 2697 620 2762 clausa.
679 2696 782 2756 sed
822 2697 1072 2775 prompti
1115 2695 1339 2773 aditus,
1380 2695 1554 2756 obvia
1583 2699 1852 2775 comitas,
1899 2700 2138 2774 ignotae
2216 2691 2374 2752 arthis

394 2784 659 2856 virtutes,
699 2797 856 2866 ‘nova
889 2782 1057 2850 vitia;
1091 2789 1148 2839 et
1174 2780 1309 2859 quia
1332 2781 1591 2859 ipsorum
1616 2781 1870 2840 moribus
1903 2780 2121 2858 aliena,
2157 2764 2374 2874 ptrinde

395 2864 583 2924 odium
618 2865 814 2942 pravis
846 2869 904 2922 et
925 2863 1206 2923 honestis.
1275 2898 1279 2904 -
2228 2876 2230 2878 ·

519 2948 576 3009 3.
630 2947 809 3024 Igitur
848 2946 1174 3008 Artabanus
1213 2947 1621 3009 Arsacidarum
1678 2966 1711 3007 e
1756 2947 2034 3024 sanguine
2081 2967 2199 3027 apu
2224 2943 2242 2964 ³
2278 2944 2372 3003 Da·

387 3032 496 3092 has
537 3030 764 3091 adultus
795 3031 1046 3108 excitur,
1089 3034 1390 3111 primoque
1420 3050 1741 3110 congressu
1778 3032 1939 3091 fusus
1974 3047 2215 3110 reparat
2236 3065 2260 3095 ,κ
2282 3029 2375 3088 'res

389 3131 694 3192 regnoque
727 3115 959 3194 potitur.
1019 3117 1175 3175 victo
1205 3117 1441 3176 Vononi
1470 3116 1794 3195 perfugium
1822 3115 2093 3175 Armenia
2124 3117 2276 3208 fuit,
2300 3130 2374 3172 va·

391 3216 498 3258 cua
551 3207 686 3258 tunc
752 3199 1017 3276 interque
1072 3198 1408 3259 Parthorum
1450 3207 1511 3258 et
1558 3198 1845 3264 Romanas
1897 3216 2043 3277 opes
2095 3200 2278 3278 inima
2322 3194 2379 3255 ob

344 3281 586 3342 sscelus
629 3281 892 3359 Antonii,
957 3283 1052 3360 qui
1090 3282 1451 3342 Artavasden
1491 3298 1693 3357 regem
1740 3281 2141 3342 Armeniorum
2193 3311 2268 3376 sp
2328 3283 2381 3340 *ie

391 3364 675 3425 amicitiae
701 3365 997 3442 iniectum,
1043 3365 1174 3425 dein
1206 3366 1423 3425 cate‘nis
1460 3374 1788 3443 oneratum,
1823 3375 2120 3446 postremo
2154 3371 2321 3450 inter
2372 3397 2386 3406 ·

395 3456 572 3508 cerat.
640 3446 764 3508 eius
807 3447 1303 3524 filius'Artaxias,
1356 3449 1631 3534 memoria
1674 3453 1851 3529 patris
1894 3450 2061 3513 nohis
2106 3449 2327 3536 iniens>
2376 3495 2389 3526 ,

2370 3563 2381 3592 i
