2475 4000
360 172 399 234 8
866 174 1192 227 CORNELII
1215 172 1448 221 TACITI
1472 172 1836 220 ANNALIUM

362 301 623 396 lescente
648 333 869 409 privato
896 331 1229 404 exercitum,
1258 337 1559 406 corruptas
1583 330 1836 396 consulis
1861 329 2160 406 legiones,
2189 330 2375 390 simu-

312 437 337 476 s
364 414 1033 492 latamPompeianarum
1060 413 1301 489 gratiam
1341 414 1608 490 partium:
1649 430 1786 472 mox
1825 412 1920 471 ubi
1961 413 2218 473 decreto
2251 429 2372 492 'pa-

363 510 511 576 trum=
538 500 730 558 fasces
762 498 933 556 etius
962 498 1250 575 praetoris
1281 499 1570 572 invaserit,
1603 499 1794 557 caesis
1823 496 2004 558 Hirtio
2051 507 2112 556 et
2143 497 2372 570 Pansa,

364 585 487 642 sive
523 583 703 641 hostis
737 581 891 656 illos,
925 599 1028 640 seu
1062 580 1300 639 Pansam
1330 598 1608 640 venenum
1652 582 1872 640 vulneri
1919 580 2224 656 adfusum,
2275 581 2372 639 sui

362 666 569 725 milites
588 656 834 724 'Hirtium
867 673 923 723 et
954 663 1305 723 machinator
1335 664 1454 723 doli
1486 662 1702 725 Caesar
1745 663 2092 740 abstulerat,
2141 665 2370 723 utrius-

365 767 478 828 que
508 751 705 827 copias
737 749 1151 825 occupavisse:
1188 755 1473 806 extortum
1507 749 1682 807 invito
1725 741 1924 812 senatu
1967 747 2368 821 consulatum,

299 850 347 890 ιο
366 851 632 910 armaque
678 846 826 911 quae
868 833 923 889 in
966 830 1274 889 Antonium
1315 832 1611 908 acceperit
1654 841 1851 908 contra
1894 848 2016 890 rem
2059 831 2368 909 publicam

365 934 570 984 versa:
605 916 1083 994 proscriptionem
1116 915 1353 989 civium,
1395 913 1706 974 divisiones
1741 932 2039 992 agrorum,
2085 933 2164 974 ne
2208 916 2368 992 ipsis

366 1000 591 1077 quidem
622 1001 717 1078 qui
742 999 943 1058 fecere
975 996 1251 1056 laudatas.
1311 1015 1450 1056 sane
1485 994 1670 1058 Ca‘s‘sii
1712 1007 1772 1056 et
1812 998 2112 1057 Brutorum
2157 1000 2364 1058 exitus

254 1095 261 1100 ’
364 1085 615 1162 paternis
644 1083 947 1144 inimicitiis
981 1083 1166 1156 datOS,
1203 1098 1540 1159 quamquam
1582 1081 1670 1150 fas
1713 1083 1786 1140 sit
1827 1083 2046 1158 privata
2074 1082 2207 1142 odia
2243 1099 2356 1158 pu-

363 1166 531 1225 blicis
556 1166 889 1225 utilitatibus
913 1166 1233 1224 remittere:
1261 1163 1364 1224 sed
1389 1164 1718 1242 Pompeium
1742 1165 1987 1242 imagine
2015 1166 2205 1242 pacis,
2239 1164 2354 1222 sed
2418 1190 2431 1205 ·

295 1273 345 1312 15
362 1247 636 1327 Lepidum
668 1251 869 1327 specie
909 1251 1189 1320 amicitiae
1232 1251 1544 1329 deceptos:
1589 1259 1721 1328 post
1749 1250 2084 1323 Antonium,
2130 1248 2354 1307 Taren-

362 1333 477 1391 tino
508 1331 963 1412 Brundisinoque
995 1333 1236 1393 foedere
1271 1343 1326 1392 et
1355 1335 1562 1411 nuptiis
1603 1335 1824 1393 sororis
1865 1330 2169 1407 inlectam,
2213 1331 2352 1390 sub-

364 1414 533 1475 dolae
570 1415 876 1474 adfinitatis
909 1434 1127 1494 poenas
1162 1426 1344 1476 morte
1379 1417 1722 1476 exsolvisse.
1781 1433 1986 1494 pacem
2018 1417 2142 1474 sine
2171 1413 2354 1474 dubio

364 1505 496 1576 post
531 1497 707 1572 haec,
752 1518 949 1558 verum
993 1508 1313 1559 cruentam:
1359 1499 1646 1560 Lollianas
1686 1500 2082 1575 Varianasque
2119 1498 2347 1573 clades,

363 1581 699 1640 interfectos
736 1580 953 1662 Romae
977 1583 1293 1657 Varrones,
1325 1582 1636 1660 Egnatios,
1668 1583 1844 1643 Iulos.
1873 1599 1985 1641 nec
2011 1579 2352 1640 domesticis
2451 1588 2453 1606 '

294 1685 347 1724 20
368 1663 787 1725 abstinebatur:
821 1666 1063 1727 abducta
1091 1665 1307 1725 Neroni
1337 1684 1482 1726 uxor
1512 1677 1570 1726 et
1599 1666 1842 1726 consulti
1891 1683 1998 1744 per
2038 1664 2350 1724 ludibrium
2453 1664 2455 1668 ’

363 1748 666 1823 pontifices
694 1767 763 1807 an
793 1743 1079 1829 concepto
1114 1751 1360 1810 necdum
1403 1751 1558 1811 edito
1601 1760 1768 1828 partu
1809 1751 1919 1808 rite
1963 1746 2234 1817 nuberet:
2273 1747 2346 1820 Q.
2455 1793 2457 1796 Α

363 1827 523 1889 Tedii
557 1838 614 1888 et
644 1830 812 1892 Vedii
848 1833 1121 1895 Pollionis
1156 1823 1352 1903 luxus:
1399 1844 1690 1912 postremo
1722 1831 1878 1893 Livia
1913 1834 2106 1911 gravis
2134 1833 2194 1889 in
2221 1849 2349 1891 rem

363 1911 649 1991 publicam
680 1925 878 1993 mater,
913 1920 1107 1994 gravis
1140 1919 1329 1979 domui
1360 1916 1670 1978 Caesarum
1701 1935 1972 1977 noverca.
2029 1916 2166 1975 nihil
2203 1915 2348 1976 deo·

361 2014 481 2055 rum
512 1996 823 2063 honoribus
854 2004 1149 2075 relictum,
1184 2019 1310 2061 cum
1341 2022 1404 2063 se
1453 2003 1684 2082 templis
1726 2012 1784 2061 et
1822 2001 2020 2079 effigie
2061 2002 2350 2059 numinum

245 2119 253 2127 ·
293 2106 344 2145 25
362 2098 465 2158 per
498 2081 752 2142 flamines
784 2095 843 2144 et
882 2087 1221 2147 sacerdotes
1266 2086 1380 2146 coli
1421 2087 1619 2147 vellet.
1679 2104 1750 2146 ne
1782 2085 2072 2146 Tiberium
2114 2083 2350 2162 quidem

362 2164 594 2223 caritate
638 2175 734 2224 aut
778 2169 861 2225 rei
910 2169 1195 2245 publicae.
1222 2188 1358 2230 cura
1405 2187 1813 2230 successorem
1853 2169 2169 2242 adscitum,
2235 2166 2348 2225 sed

362 2245 623 2320 quoniam
656 2248 1045 2324 adrogantiam
1086 2254 1499 2331 saevitiamque
1543 2255 1664 2312 eius
1701 2254 2142 2329 introspexerit,
2186 2267 2346 2307 com-

363 2328 997 2404 paratione,deterrima
1028 2334 1135 2390 sibi
1171 2335 1416 2407 gloriam
1449 2336 1830 2409 quaesivisse.
1893 2336 2100 2392 etenim
2142 2332 2344 2405 Augu-

360 2418 481 2469 stus
513 2412 711 2486 paucis
754 2421 883 2472 ante
923 2414 1112 2487 annia,
1157 2430 1281 2471 cum
1324 2414 1556 2471 Tiberio
1597 2414 1954 2473 tribuniciam
1995 2415 2344 2491 potestatem

294 2510 393 2560 30a
444 2493 699 2570 patribus
744 2513 965 2555 rursum
1011 2494 1366 2572 postularet,
1423 2512 1755 2573 quamquam
1795 2497 2014 2556 honora
2053 2498 2340 2570 oratione,

364 2576 640 2653 quaedam
670 2578 742 2637 de
780 2579 970 2640 habitu
1008 2578 1278 2653 cultuque
1322 2587 1380 2635 et
1425 2579 1691 2639 institutis
1735 2582 1858 2640 eius
1901 2582 2153 2655 iecerat,
2189 2596 2344 2659 quae

361 2658 517 2718 velut
547 2656 874 2721 excusando
912 2660 1314 2738 exprobraret.
1378 2669 1630 2721 ceterum
1673 2664 1966 2742 sepultura
2001 2680 2164 2722 more
2204 2680 2335 2740 per-

360 2740 513 2802 fecta
542 2743 811 2821 templum
842 2754 901 2803 et
932 2744 1221 2804 caelestes
1252 2744 1568 2820 religiones
1596 2745 1996 2807 decernuntur.
2221 2792 2227 2801 .

489 2825 585 2883 11.
631 2825 851 2886 Versae
881 2826 1013 2886 inde
1046 2828 1117 2886 ad
1148 2826 1437 2887 Tiberium
1481 2848 1714 2908 preces.
1779 2838 1838 2889 et
1879 2830 1982 2890 ille
2023 2828 2184 2889 varie
2223 2827 2336 2886 dis·

360 2906 595 2967 serebat
639 2909 711 2969 de
753 2910 1136 2986 magnitudine
1176 2912 1430 2988 imperii,
1476 2931 1576 2973 sua
1617 2914 1919 2974 modestia.
2001 2912 2182 2972 solam
2221 2912 2335 2971 divi

360 2988 603 3066 Augusti
630 3001 875 3052 mentem
905 3002 1093 3054 tantae
1142 2994 1313 3071 molis
1354 3014 1660 3074 capacem:
1707 3014 1772 3055 se
1815 2998 1870 3055 in
1913 3004 2134 3075 partem
2177 3012 2330 3053 cura·

359 3090 480 3131 rum
537 3072 609 3131 ab
658 3074 759 3134 illo
813 3085 1075 3137 vocatum
1129 3080 1484 3155 experiendo
1535 3080 1804 3140 didicisse
1859 3096 2024 3158 quam
2081 3077 2332 3153 arduum,

313 3180 337 3217 5
362 3172 527 3233 quam
570 3157 886 3219 subiectum
925 3159 1188 3221 fortunae
1228 3163 1471 3238 regendi
1520 3172 1724 3237 cuncta
1768 3180 1930 3222 onus.
2003 3161 2242 3241 proinde
2274 3162 2330 3219 in

361 3240 585 3298 civitate
613 3249 699 3300 tot
726 3241 1057 3303 inlustribus
1090 3246 1229 3305 viris
1258 3248 1496 3309 subnixa
1527 3267 1640 3308 non
1682 3249 1752 3309 ad
1795 3246 1962 3311 unu'm
2008 3246 2192 3308 omnia
2234 3245 2326 3303 de·

357 3318 605 3383 ferrent:
639 3324 837 3402 plures
867 3326 1093 3388 facilius
1133 3331 1318 3390 munia
1351 3333 1438 3391 rei
1468 3333 1736 3411 publicae
1769 3338 2003 3403 sociatis
2035 3336 2325 3396 laboribus

362 3416 757 3467 exsecuturos.
830 3408 958 3488 plus
992 3412 1047 3471 in
1078 3414 1337 3473 oratione
1369 3415 1467 3476 tali
1496 3416 1783 3494 dignitatis
1817 3436 1984 3498 quam
2014 3420 2148 3481 fidei
2179 3433 2324 3484 eran
