2475 4000
431 199 640 246 mann
670 199 790 246 ΧΠ.
823 200 973 249 cAP.
1005 199 1317 253 69—L113.
1353 205 1503 252 xm.
1536 204 1685 252 CAP.
1716 203 1767 254 2.
1980 193 2107 255 225

161 354 259 407 36.
304 353 512 405 Paccius
539 353 722 404 Orfitus
747 363 920 406 contra
944 357 1208 423 imperium
1227 373 1466 424 pugnans
1489 359 1733 425 fususque
1756 371 1899 412 extra
1918 362 2109 414 vallum

163 423 389 474 tendere
407 425 596 473 iussus.
652 422 874 474 37—41.
913 425 1159 476 Tiridates
1192 421 1322 477 bello
1349 427 1555 478 infestat
1582 429 1886 491 Armeniam,
1910 431 2115 496 legatos!

164 494 239 542 ad
261 491 603 542 Corbulonem
625 493 802 554 mittit,
832 495 918 556 qui
937 493 1170 544 fraudem
1195 495 1293 552 sibi
1312 511 1404 561 per
1428 497 1730 560 colloquium
1746 507 1973 564 paratam
2000 501 2105 549 elu-

164 563 247 612 dit
288 568 341 610 et
380 560 651 610 Armeniae
685 562 890 612 castella
926 564 1089 629 capit,
1128 564 1375 613 Artaxata
1416 565 1711 630 aggreditur
1751 575 1799 616 et
1836 567 2106 617 decedente

163 632 330 680 hoste
363 630 524 694 capit,
575 631 696 696 igne
724 631 874 680 delet.
936 630 1008 681 Ob
1042 631 1168 681 haec
1200 631 1388 682 Neroni
1428 642 1477 682 et
1512 633 1610 683 diis
1637 634 1871 684 honores.
1924 637 2009 686 42.
2045 635 2141 686 P.·

167 699 394 750 Suillius
423 714 539 748 reus
578 700 632 747 in
663 697 908 748 Senecam
934 698 1210 761 invehitur,
1250 699 1348 752 43.
1383 701 1691 767 deportatur.
1749 704 1834 752 44.
1873 701 2107 754 Octavius

163 769 380 833 Sagitta
415 781 585 818 amore
613 782 821 818 vaecors
847 767 1078 818 Pontiam
1111 770 1529 834 tergiversantem
1561 770 1695 821 ferro
1719 772 2105 822 transverberat.

163 837 372 887 Liberti
410 837 535 886 mira
577 835 722 885 fides.
792 830 901 888 45.'
926 837 1211 903 Poppaeam
1248 836 1483 887 Sabinam
1528 854 1697 890 amare
1736 839 1870 889 Nero
1912 841 2105 905 occipit.

163 907 302 955 Eius
326 903 520 965 forma,
548 919 696 970 opes,
727 919 923 966 mores,
953 907 1299 965 matrimonia,
1328 907 1588 957 adulteria.
1636 908 1724 958 46.
1758 908 1881 957 Eius
1901 909 2107 958 maritus

165 975 307 1025 Otho
324 1010 338 1033 ,
383 981 436 1022 ut
473 981 789 1034 amoveatur,
835 974 1126 1024 Lusitaniae
1158 975 1463 1040 praeficitur.
1526 976 1609 1026 47.
1661 975 1921 1026 Cornelius
1954 975 2108 1036 Sulla,

163 1043 396 1108 principi
436 1049 700 1106 suspectus
716 1079 730 1102 ,
767 1042 1046 1092 Massiliam
1077 1044 1307 1092 mittitur.
1355 1043 1440 1094 48.
1473 1043 1694 1094 Puteolis
1733 1045 2000 1094 concordia
2030 1059 2110 1093 re-

165 1114 372 1162 stituta.
425 1110 511 1160 49.
546 1110 620 1159 De
656 1124 866 1160 numero
898 1111 1234 1176 gladiatorum
1264 1111 1527 1176 Syracusis
1563 1112 1873 1162 edendorum
1912 1113 2111 1177 discep-

164 1181 318 1229 tatio.
378 1178 630 1228 Thraseae
651 1178 790 1228 Paeti
818 1181 1009 1244 opinio.
1069 1179 1154 1229 50.
1192 1180 1477 1246 Vectigalia
1506 1188 1679 1230 contra
1702 1181 1917 1231 Neronis
1950 1182 2111 1246 impe-

163 1259 281 1298 tum
307 1255 518 1296 retenta.
567 1247 651 1297 51.
684 1247 1068 1319 Publicanorum
1095 1249 1336 1310 iniquitas
1359 1257 1651 1314 temperata.
1707 1249 1792 1302 52.
1826 1250 2111 1299 Proconsu-

163 1319 244 1367 les
283 1317 361 1366 rei
391 1316 624 1365 absoluti.
672 1315 757 1368 53.
793 1316 852 1366 L.
878 1317 1037 1366 Vetus
1073 1330 1170 1381 ope
1196 1315 1434 1366 Mosellae
1463 1326 1511 1367 et
1535 1317 1712 1368 Araris
1740 1317 1973 1367 Rhenum
1998 1331 2111 1366 cum

164 1387 378 1436 Oceano
427 1386 639 1448 iungere
687 1393 848 1449 parat.
914 1383 1088 1434 Obstat
1125 1385 1260 1434 Aelii
1304 1383 1512 1435 Gracilis
1553 1386 1759 1435 invidia.
1823 1385 1913 1438 54.
1961 1385 2111 1436 Frisii

165 1459 320 1504 iuxta
355 1453 588 1502 Rhenum
629 1452 776 1502 sedes
817 1452 977 1518 figere
1017 1453 1208 1502 frustra
1246 1462 1503 1504 conantur.
1569 1454 1654 1504 55.
1699 1454 1921 1504 Eosdem
1955 1468 2111 1519 agros

165 1523 488 1588 Ampsivarii
531 1529 775 1586 occupant
809 1520 914 1570 fato
944 1522 1135 1571 eodem.
1182 1521 1267 1572 56.
1299 1522 1521 1572 Boiocali
1550 1524 1851 1574 constantia.
1903 1523 2111 1588 Ampsi-

168 1593 309 1642 varii
327 1591 493 1642 deleti.
531 1589 618 1640 57.
640 1587 804 1640 Chatti
825 1590 887 1639 ab
903 1589 1266 1640 Hermunduris
1286 1591 1393 1640 fere
1413 1589 1477 1644 ad
1496 1592 1749 1642 excidium
1770 1593 1937 1658 gentis
1958 1591 2111 1640 caesi.

171 1665 341 1728 Ignes
365 1667 502 1708 terra
531 1658 652 1708 editi
675 1658 767 1707 vix
794 1660 1043 1724 oppressi.
1094 1658 1180 1710 58.
1216 1660 1361 1709 Ficus
1390 1659 1685 1711 Ruminalis.
1750 1701 1757 1706 .

278 1728 432 1779 Gesta
456 1726 584 1776 haec
607 1729 753 1777 annis
781 1734 1040 1790 quattuor,
1081 1728 1202 1792 imp.
1232 1726 1439 1778 Claudio
1465 1729 1663 1778 Nerone
1685 1728 1743 1779 L.
1769 1727 1987 1777 Antistio
2010 1725 2114 1777 Ve-

169 1809 314 1858 tere,
359 1796 418 1856 Q.
455 1796 666 1846 Volusio
694 1795 748 1844 P.
780 1795 1010 1846 Cornelio
1051 1794 1316 1860 Scipione,
1351 1798 1472 1861 imp.
1515 1796 1725 1846 Claudio
1757 1795 1955 1846 Nerone
1979 1797 2027 1846 Π
2051 1794 2109 1844 L.

171 1866 452 1932 Calpurnio
478 1864 689 1926 Pisone,
723 1865 841 1929 imp.
873 1863 1082 1914 Claudio
1109 1863 1311 1914 Nerone
1332 1861 1403 1915 ΙΙΙ
1420 1864 1623 1914 Valerio
1649 1864 1887 1914 Messalla
1908 1878 2042 1914 coss.

237 1964 296 2023 1.
342 1961 528 2021 Prima
571 1977 728 2022 novo
773 1961 1099 2040 principatu
1138 1976 1297 2019 mors
1334 1959 1479 2020 lunii
1522 1959 1701 2041 Silani
1746 1959 2115 2037 proconsulis

103 2051 292 2109 Asiae
325 2048 529 2122 ignaro
551 2044 788 2104 Nerone
814 2062 921 2123 per
944 2044 1136 2104 dolum
1156 2043 1521 2123 Agrippinae
1549 2050 1812 2121 paratur,
1842 2059 1959 2101 non
1984 2044 2116 2119 quia

99 2130 334 2207 ingenii
365 2127 640 2188 violentia
667 2130 900 2187 exitium
925 2128 1288 2203 inritaverat,
1320 2127 1519 2204 segnis
1549 2136 1608 2186 et
1636 2125 2115 2186 dominationibus
2218 2172 2231 2185 .

102 2216 238 2275 aliis
273 2211 590 2287 fastidituS‚
637 2212 786 2271 adeo
826 2219 887 2270 ut
921 2210 1093 2271 Gaius
1129 2209 1351 2270 Caesar
1390 2210 1674 2290 pecudem
1720 2228 1953 2271 auream
1989 2226 2116 2269 eum

103 2293 420 2377 appellare
467 2294 673 2353 solitus
717 2297 817 2354 sit:
863 2310 1062 2355 verum
1091 2295 1420 2376 Agrippina
1461 2294 1624 2355 fratri
1666 2296 1791 2355 eius
1826 2293 1888 2354 L.
1920 2294 2160 2355 Silanos
2202 2332 2215 2339 -

105 2395 322 2442 necem
360 2378 562 2439 molita
589 2378 834 2438 ultorem
871 2377 1194 2456 metuebat,
1246 2378 1451 2440 crebra
1482 2379 1642 2456 vulgi
1685 2379 1833 2439 fama
1876 2388 2115 2457 antepo-

107 2465 364 2526 nendum
396 2480 530 2522 esse
563 2461 792 2523 vixdum
827 2462 1129 2542 pueritiam
1166 2480 1413 2541 egresso
1448 2462 1670 2524 Neroni
1715 2471 1775 2522 et
1818 2464 2118 2540 imperium

109 2569 219 2629 per
253 2547 450 2607 scelus
483 2545 692 2625 adepto
725 2549 904 2607 virum
935 2556 1124 2608 aetate
1156 2549 1498 2627 composita,
1526 2548 1834 2623 insontem,
1866 2545 2118 2607 nobilem

115 2644 204 2711 et,
250 2631 409 2710 quod
450 2639 586 2689 tunc
635 2639 1029 2710 spectaretur,
1074 2650 1108 2691 e
1141 2630 1450 2694 Caesarum
1483 2632 1765 2711 posteris:
1815 2630 2031 2709 quippe
2062 2639 2121 2690 et

114 2718 345 2777 Silanus
380 2715 496 2775 divi
526 2714 774 2791 Augusti
817 2714 1078 2794 abnepos
1115 2726 1257 2777 erat.
1321 2717 1471 2778 haec
1502 2734 1674 2776 causa
1713 2715 1891 2774 necis.
1955 2715 2115 2774 mini·
2137 2732 2187 2773 ιο

116 2803 218 2861 stri
242 2801 410 2860 fuere
441 2799 505 2858 P.
538 2798 713 2860 Celer
745 2816 928 2877 eques
956 2799 1247 2861 Romanus
1275 2810 1336 2861 et
1363 2800 1563 2862 Helius
1599 2798 1873 2874 libertus,
1918 2799 2005 2858 rei
2033 2798 2115 2857 fa-

115 2886 321 2946 miliari
351 2884 631 2962 principis
662 2884 718 2940 in
749 2881 889 2943 Asia
916 2885 1186 2964 impositi.
1246 2884 1317 2945 ab
1347 2885 1435 2945 his
1466 2882 1806 2965 proconsuli
1832 2900 2117 2942 venenum

117 2971 264 3029 inter
298 2968 501 3049 epulas
537 2967 725 3027 datum
755 2976 843 3027 est
873 2971 1124 3046 apertius
1157 2986 1325 3047 quam
1354 2978 1417 3029 ut
1445 2969 1734 3029 fallerent.
1794 2984 1905 3026 nec
1934 2967 2119 3025 minus

117 3062 438 3135 properato
470 3051 780 3111 Narcissus
817 3049 1039 3112 Claudii
1070 3052 1341 3127 libertus,
1382 3052 1455 3112 de
1492 3054 1651 3113 euius
1680 3051 1882 3128 iurgiis
1916 3050 2117 3111 adver-

122 3154 214 3195 sus
258 3139 644 3217 Agrippinam
689 3136 917 3213 rettuli,
969 3154 1178 3216 aspera
1214 3136 1476 3196 custodia
1523 3145 1582 3196 et
1622 3137 1974 3196 necessitate
2018 3152 2117 3193 ex·
2137 3150 2187 3191 ιε

121 3229 295 3282 trema
327 3221 399 3281 ad
428 3230 673 3282 mortem
701 3222 925 3297 agitur,
959 3221 1136 3281 invito
1172 3221 1469 3300 principe,
1503 3222 1665 3279 cuius
1696 3218 1903 3280 abditis
1932 3217 2119 3279 adhuc

121 3306 268 3364 vitiis
299 3324 408 3386 per
438 3305 732 3366 avaritiam
765 3322 836 3364 ac
865 3304 1291 3383 prodigentiam
1318 3305 1460 3364 mire
1502 3301 1882 3380 congruebat.

244 3390 302 3449 2.
347 3389 656 3469 Ibaturque
683 3390 741 3447 in
775 3388 1018 3467 caedes,
1058 3390 1168 3450 nisi
1197 3388 1471 3448 Afranius
1502 3386 1715 3447 Burrus
1756 3395 1815 3446 et
1844 3386 2117 3447 Annaeus

125 3472 348 3533 Seneca
378 3473 603 3533 obviam
649 3474 848 3533 issent.
914 3473 973 3533 hi
1002 3483 1267 3534 rectores
1302 3472 1713 3551 imperatoriae
1741 3472 2006 3533 iuventae
2037 3479 2115 3550 et,

205 3576 377 3616 uem
405 3578 544 3616 PARS
577 3579 614 3618 1.
1800 3557 1875 3617 15
