2475 4000
370 154 486 224 180
541 157 550 162 ”
749 202 753 204 -
861 165 1187 216 coenan
1210 165 1446 214 TAGITI
1467 165 1832 217 nummum

322 323 479 386 snici
514 321 811 395 educator,
848 319 944 416 qui
980 339 1100 412 per
1115 321 1374 404 speciem
1413 264 1856 382 benevolentiae
1884 325 2146 380 moneret
2179 317 2370 380 Clau-

365 406 512 466 dium
555 420 767 465 cavere
808 402 921 462 vim
976 413 1146 483 atque
1190 421 1338 484 opes
1382 394 1736 485 principibus
1781 404 2067 464 infensas:
2122 406 2373 481 praeci·

365 506 534 588 puum
564 496 857 546 auctorem
885 485 1200 549 Asiaticum
1243 488 1623 548 interficiendi
1655 487 1776 548 Gai
1803 486 2070 548 Caesaris
2101 502 2225 546 non
2261 506 2372 548 ex·

362 573 617 632 timuisse
656 571 929 630 contione
970 572 1029 630 in
1070 571 1270 652 populi
1307 571 1550 632 Romani
1591 567 1760 632 fateri
1800 571 2164 650 gloriamque
2211 571 2376 631 faci·

362 657 518 718 noris
547 655 697 726 ultro
728 662 961 734 petere3
1006 654 1220 716 clarum
1252 674 1327 714 ex
1352 673 1431 714 eo
1460 656 1520 713 in
1552 654 1727 733 urbe,
1771 654 1944 714 didita
1979 673 2084 736 per
2115 657 2377 733 provin·

296 764 345 805 ιο
365 741 485 800 cias
522 740 671 800 fama
717 753 944 820 parare
963 739 1071 797 iter
1100 739 1172 799 ad
1207 738 1581 800 Germanicos
1622 739 1942 815 exercitus,
1987 737 2221 821 quando
2257 757 2378 816 ge-

362 825 509 884 nitus
536 825 799 884 Viennae
824 821 1128 916 multisque
1169 833 1229 883 et
1265 822 1472 882 validis
1515 820 2034 903 propinquitatibus
2073 818 2378 882 subnixus

362 907 592 968 turbare
620 905 869 984 gentiles
899 903 1163 966 nationes
1196 916 1519 986 promptum
1549 906 1809 966 haberet.
1873 914 1932 964 at
1961 903 2238 964 Claudius
2280 907 2376 965 ni-

362 992 443 1051 hil
482 991 631 1051 ultra
668 998 955 1052 scrutatus
995 990 1121 1049 citis
1170 1008 1297 1050 cum
1342 989 1611 1050 militibus
1647 999 1932 1090 tamquam
1965 989 2374 1069 opprimendo

362 1075 521 1136 bello
557 1073 879 1152 Crispinum
921 1074 1197 1152 praetorii
1240 1074 1598 1154 praefectum
1633 1075 1814 1150 misit,
1862 1092 1895 1133 a
1925 1089 2038 1153 quo
2079 1083 2376 1152 repertus

296 1183 346 1225 15
366 1167 455 1222 est
485 1158 634 1238 apud
665 1157 834 1217 Baias
864 1157 1185 1236 vinclisque
1214 1158 1407 1218 inditis
1437 1159 1495 1216 in
1525 1156 1726 1218 urbem
1753 1166 1970 1241 raptus.

476 1241 537 1302 2.
583 1241 786 1321 Neque
835 1241 966 1301 data
1012 1250 1244 1301 senatus
1293 1241 1491 1320 copia:
1542 1243 1687 1301 intra
1743 1233 2064 1301 cubiculum
2103 1239 2368 1319 auditur,

361 1325 697 1388 Messalina
694 1342 909 1385 coram
949 1333 1007 1383 et
1050 1325 1253 1386 Suillio
1297 1326 1722 1403 corruptionem
1761 1325 2028 1401 militum,
2068 1341 2214 1403 quos
2245 1343 2366 1404 pe-

366 1411 531 1468 cunia
560 1418 617 1467 et
658 1416 854 1486 stupro
895 1409 953 1468 in
984 1425 1150 1468 omne
1179 1409 1458 1486 flagitium
1501 1407 1814 1469 obstrictos
1855 1407 2162 1485 arguebat,
2195 1409 2368 1467 exim

366 1491 703 1551 adulterium
744 1490 1086 1571 Poppaeae,
1130 1501 1480 1572 postremum
1525 1492 1821 1552 mollitiam
1872 1491 2136 1571 corporis
2191 1489 2368 1551 obie-

320 1583 577 1646 5ctante.
620 1574 689 1633 ad
738 1572 891 1652 quod
922 1575 1078 1633 victo
1114 1575 1344 1635 silentio
1387 1578 1649 1656 prorupit
1693 1594 1828 1636 reus
1871 1583 1930 1634 et
1985 1576 2366 1692 ‘interrpga’

366 1660 562 1738 inquit,
622 1657 855 1733 ‘Suilli,
899 1656 1051 1716 filios
1092 1666 1252 1718 tuos:
1299 1661 1481 1720 virum
1521 1678 1655 1719 esse
1693 1678 1784 1719 me
1842 1656 2215 1720 fatebuntur?
2275 1655 2367 1718 fn·

366 1759 720 1824 gressusque
756 1701 1173 1819 defensionem,
1209 1752 1494 1803 commoto
1534 1744 1808 1804 maiorem
1836 1744 1892 1801 in
1922 1741 2152 1802 modum
2185 1741 2364 1802 Clau-

365 1827 497 1904 dio,
545 1824 911 1886 Messalinae
938 1841 1168 1904 quoque
1206 1826 1476 1885 lacrimas
1517 1829 1751 1886 excivit.
1808 1825 2012 1905 quibus
2053 1825 2366 1887 abluendis

368 1909 631 1972 cubiculo
676 1908 983 1986 egrediens
1026 1918 1223 1974 monet
1267 1909 1560 1970 Vitellium
1599 1929 1671 1970 ne
1715 1909 1866 1970 elabi
1907 1927 2066 1969 reum
2105 1911 2362 1970 sineret:

298 2020 347 2061 ιο
366 1995 493 2076 ipsa
524 1993 594 2055 ad
627 1994 940 2075 perniciem
968 1987 1282 2073 Poppaeae
1305 1994 1558 2071 festinat,
1591 1993 1828 2055 subditis
1859 1995 1952 2073 qui
1977 2003 2206 2054 terrore
2232 2012 2363 2057 car·
2383 2033 2395 2048 .

366 2081 517 2141 ceris
554 2078 625 2138 ad
659 2078 1041 2139 voluntariam
1066 2087 1310 2139 mortem
1344 2040 1763 2158 propellerent,
1795 2079 1942 2139 adeo
1973 2080 2179 2155 ignaro
2209 2077 2363 2139 Cae·
2387 2138 2400 2157 ,

366 2182 525 2240 sare,
568 2170 627 2221 ut
654 2178 877 2239 paucos
920 2170 1053 2239 post
1094 2162 1217 2222 dies
1256 2162 1588 2243 epulantem
1629 2160 1781 2242 apud
1822 2180 1890 2223 se
1927 2163 2188 2222 maritum
2231 2164 2364 2223 eius

367 2248 698 2325 Scipionem
729 2253 1197 2323 percontaretur,
1231 2264 1332 2306 cur
1361 2246 1482 2305 sine
1511 2263 1696 2305 uxore
1724 2245 2143 2324 discubuisset,
2179 2254 2364 2327 atque

364 2328 467 2395 ille
494 2329 746 2387 functam
773 2327 892 2387 fato
921 2327 1324 2407 responderet.

483 2412 544 2475 3.
595 2411 711 2472 Sed
753 2410 1097 2472 consultanti
1139 2430 1316 2491 super
1370 2411 1730 2473 absolutione
1775 2412 2019 2473 AsiatIci
2059 2411 2200 2471 flens
2247 2411 2353 2471 Vi-

366 2496 587 2573 tellius,
619 2556 625 2562 ,
652 2503 1094 2556 commemorata
1148 2504 1434 2556 vetustate
1485 2499 1768 2558 amicitiae
1824 2504 1994 2575 utque
2045 2494 2355 2557 Antoniam

367 2581 646 2660 principis
675 2588 912 2640 matrem
947 2580 1163 2657 pariter
1186 2577 1680 2659 observavissent,
1712 2580 1843 2640 dein
1868 2579 2154 2659 percursis
2176 2575 2356 2637 Asia-

366 2666 462 2733 tici
501 2666 559 2723 in
603 2681 724 2724 rem
754 2663 1039 2744 publicam
1079 2661 1288 2722 officiis
1324 2666 1660 2743 recentique
1697 2665 1974 2725 adversus
2006 2662 2360 2723 Britanniam

320 2747 592 2823 smilitia,
630 2765 893 2846 quaeque
934 2746 1047 2807 alia
1090 2746 1489 2807 conciliandae
1527 2747 1960 2809 misericordiae
1992 2740 2358 2833 videbantur,

368 2832 609 2892 liberum
640 2833 838 2891 mortis
874 2829 1164 2889 arbitrium
1198 2830 1254 2889 ei
1294 2833 1578 2910 permisit,
1623 2841 1682 2891 et
1723 2840 1919 2893 secuta
1962 2839 2089 2891 sunt
2131 2828 2362 2891 Claudii

336 2948 339 2957 ·
368 2915 597 2976 verba
581 2933 640 2975 m
672 2912 913 2975 eandem
946 2913 1323 2974 clementiam.
1381 2915 1738 2976 hortantibus
1771 2914 1976 2975 dehinc
2013 2913 2361 2993 quibusdam

368 2998 613 3061 inediam
648 3007 705 3058 et
732 2998 919 3057 lenem
950 2997 1190 3076 exitum,
1222 3000 1516 3060 remittere
1545 2999 1886 3059 beneficium
1918 2998 2216 3058 Asiaticus
2249 2999 2360 3067 ait;

370 3092 428 3143 et
472 3083 757 3161 usurpatis
799 3080 1001 3159 quibus
1048 3082 1378 3143 insueverat
1419 3083 1958 3161 exercitationibus,
2013 3082 2168 3141 lauto
2225 3100 2360 3143 cor-

303 3190 356 3231 ιο
378 3184 539 3246 pore,
569 3166 752 3226 hilare
783 3162 1065 3244 epulatus,
1099 3164 1223 3227 cum
1253 3186 1316 3227 se
1347 3167 1644 3227 honestius
1674 3167 1988 3227 calliditate
2009 3159 2228 3226 Tiberii
2260 3165 2366 3225 vel

370 3253 585 3329 impetu
632 3248 735 3310 Gai
778 3246 1044 3309 Caesaris
1088 3254 1402 3330 periturum
1435 3251 1705 3329 dixisset,
1751 3268 1916 3330 quam
1955 3249 2109 3331 quod
2150 3250 2364 3311 fraude

368 3334 632 3394 muliebri
662 3343 720 3395 et
746 3332 1015 3435 inpudipo
1039 3336 1258 3396 Vitellii
1281 3354 1384 3395 ore
1411 3336 1666 3412 caderet,
1707 3353 1886 3396 venas
1917 3333 2196 3411 exsolvit,
2227 3336 2366 3394 viso

374 3426 562 3479 tamen
586 3427 717 3479 ante
746 3435 897 3497 rogo
926 3411 1201 3501 ius‘soque
1224 3419 1525 3481 transferri
1555 3429 1774 3501 partem
1803 3422 1862 3481 in
1891 3419 2078 3499 aliam,
2110 3436 2188 3479 ne
2216 3435 2368 3500 opa-
