2475 4000
326 197 441 259 106
825 205 1157 257 commun
1184 205 1419 254 TAGITI
1441 204 1804 252 ANNALIUM

318 368 463 424 vitas
506 362 784 436 VeneriS,
840 361 1355 420 Stratonicensium
1400 358 1556 418 Iovis
1599 367 1656 416 et
1698 357 1926 417 Triviae
1972 357 2334 434 religionem

250 447 638 509 :otuebantun
730 444 899 504 altius
957 443 1544 504 Hierocaesarienses
1604 459 1970 520 exposuere,
2023 441 2338 500 Persicam

318 531 468 610 apud
500 547 565 588 se
599 529 859 604 Dianam,
892 527 1193 588 delubrum
1222 545 1370 603 rege
1403 525 1558 602 Cyro
1604 527 1882 593 dicatum;
1935 533 1994 583 et
2034 543 2335 586 memora·

317 617 521 675 bantur
561 613 935 691 Perpennae,
978 611 1219 672 Isaurici
1267 611 1558 688 multaque
1603 609 1716 670 alia
1763 611 2176 686 imperatorum
2223 627 2335 670 nc.-

315 700 506 774 mina,
548 698 643 776 qui
689 713 805 756 non
849 696 1020 756 modo
1066 695 1286 774 templo
1333 696 1438 760 sed
1483 693 1708 754 duobus
1763 692 1990 752 milibus
2045 699 2338 770 passuum

319 783 559 842 eandem
590 782 951 840 sanctitatem
982 779 1316 841 tribuerant.
1385 781 1536 842 exim
1569 775 1768 855 Cyprii
1811 776 1992 836 tribus
2027 776 2105 836 de
2155 777 2336 836 delu-

250 885 299 924 15
319 867 474 941 bris,
522 882 761 942 quorum
798 864 1247 924 vetustissimum
1292 862 1546 940 Paphiae
1592 861 1808 922 Veneri
1851 869 2054 920 auctor
2081 861 2334 936 Aerias,

316 959 452 1030 post
482 949 633 1008 iilius
664 949 788 1006 eius
822 947 1098 1008 Amathus
1127 947 1348 1007 Veneri
1389 945 1759 1007 Amathusiae
1812 954 1870 1004 et
1909 943 2035 1010 Iovi
2079 943 2334 1004 Salami-

316 1037 410 1094 nio
444 1033 692 1107 Teucer,
727 1030 1057 1092 Telamonis
1090 1033 1268 1110 patris
1298 1032 1382 1090 ira
1411 1029 1715 1108 profugus,
1749 1031 2100 1107 posuissent.

438 1117 539 1178 63.
587 1115 833 1175 Auditae
864 1116 1101 1176 aliarum
1136 1133 1370 1193 quoque
1400 1115 1708 1175 civitatium
1751 1113 2100 1190 legationes.
2175 1131 2332 1191 quo-

317 1221 441 1263 rum
474 1202 643 1278 copia
672 1199 817 1260 fessi
850 1209 1067 1277 patres,
1100 1209 1161 1260 et
1191 1201 1326 1278 quia
1355 1198 1558 1258 studiis
1592 1197 1944 1273 certabatur,
1983 1197 2332 1258 consulibus

318 1286 663 1365 permisere,
696 1292 756 1342 ut
784 1293 1100 1362 perspecto
1134 1285 1294 1359 iure,
1341 1291 1399 1342 et
1441 1284 1491 1341 si
1533 1300 1644 1361 qua
1687 1282 1956 1359 iniquitas
1987 1281 2329 1341 involvere-

317 1380 441 1444 tur,
491 1385 613 1426 rem
652 1369 933 1442 integram
972 1385 1196 1427 rursum
1243 1367 1314 1427 ad
1361 1375 1617 1426 senatum
1660 1357 1970 1425 rel'errent.
2044 1365 2326 1424 consules

266 1472 296 1510 5
322 1469 497 1530 super
528 1466 629 1508 eas
658 1449 944 1525 civitates,
972 1467 1114 1528 quas
1150 1453 1502 1526 memoravi,
1533 1450 1685 1529 apud
1719 1451 2060 1527 Pergamum
2093 1448 2328 1510 Aescu-

318 1536 454 1613 lapii
508 1541 847 1611 conpertum
896 1533 1117 1607 asylum
1179 1534 1552 1594 rettulerunt:
1623 1543 1856 1596 ceteros
1914 1533 2184 1592 obscuris
2248 1533 2328 1591 ob

317 1626 663 1678 vetustatem
692 1617 865 1675 initiis
901 1616 1020 1674 niti.
1086 1635 1215 1677 nam
1264 1617 1617 1692 Zmyrnaeos
1661 1618 1958 1679 oraculum
2000 1616 2328 1694 Apollinis,

319 1705 479 1761 cuius
515 1702 759 1778 imperio
790 1701 1162 1760 Stratonicidi
1194 1701 1412 1760 Veneri
1439 1703 1714 1778 templum
1736 1703 2078 1777 dicaverint,
2104 1699 2330 1761 Tenios
2368 1745 2378 1752 -

318 1785 574 1844 eiusdem
599 1802 831 1844 carmen
859 1784 1105 1859 referre,
1138 1802 1254 1863 quo
1279 1803 1511 1844 sacrare
1534 1785 1784 1865 Neptuni
1807 1785 2064 1861 effigiem
2085 1785 2328 1844 aedem-

248 1890 300 1930 ιο
322 1887 433 1948 que
450 1869 590 1938 iussi
606 1870 735 1928 sint.
772 1870 1048 1947 propiora
1066 1869 1379 1929 Sardianos
1399 1890 1412 1927 :
1429 1868 1747 1930 Alexandri
1763 1870 1996 1929 victoris
2012 1869 2070 1928 id
2085 1868 2324 1928 donum.

318 1970 507 2031 neque
538 1954 719 2013 minus
758 1951 1022 2013 Milesios
1056 1951 1256 2014 Dareo
1301 1971 1450 2030 rege
1487 1953 1616 2023 niti;
1659 1963 1752 2013 set
1803 1953 1990 2014 cultus
2031 1953 2328 2013 ffuminum

319 2039 577 2116 utrisque
618 2036 859 2099 Dianam
900 2047 995 2100 aut
1032 2038 1368 2115 Apollinem
1413 2037 1749 2099 venerandi.
1820 2048 2024 2117 petere
2069 2046 2130 2097 et
2177 2036 2328 2097 Cre·

317 2130 517 2181 tenses
563 2120 871 2181 simulacro
912 2122 1027 2182 divi
1072 2122 1340 2199 Augusti.
1421 2122 1694 2201 factaque
1751 2132 1985 2183 senatus
2027 2122 2326 2196 consulta,

320 2206 447 2281 quis
483 2203 659 2263 multo
686 2222 816 2287 cum
841 2204 1069 2266 ‚honore
1103 2207 1308 2267 modus
1342 2201 1532 2267 ta'men
1559 2206 2105 2285 praescribebatur,
2151 2206 2326 2265 inssi-

248 2309 300 2348 15
321 2304 433 2364 que
465 2289 607 2365 ipsis
637 2289 694 2346 in
722 2290 958 2368 templis
984 2291 1166 2367 figere
1198 2286 1337 2351 aera
1361 2290 1698 2351 sacrandam
1721 2291 1794 2351 ad
1815 2290 2172 2365 memoriam,
2205 2308 2326 2349 neu

317 2372 520 2448 specie
550 2372 850 2448 religionis
880 2376 937 2433 in
966 2374 1335 2434 ambitionem
1370 2374 1800 2435 delaberentur.

442 2455 539 2515 64.
588 2455 706 2515 Sub
751 2458 903 2518 idem
958 2468 1184 2535 tempus
1228 2457 1411 2518 Iuliae
1459 2458 1756 2535 Augustae
1807 2458 2082 2518 valetudo
2143 2464 2320 2515 atrox

315 2540 801 2602 necessitudinem
832 2542 1078 2620 principi
1108 2541 1251 2600 fecit
1278 2542 1532 2601 festinati
1559 2543 1616 2601 in
1653 2541 1852 2601 urbem
1899 2543 2150 2616 reditus,
2199 2540 2318 2599 sin-

317 2641 453 2683 cera
498 2624 684 2685 adhuc
724 2628 873 2685 inter
914 2634 1155 2683 matrem
1194 2624 1488 2702 filium-que
1531 2626 1842 2686 concordia
1889 2629 2014 2685 sive
2069 2624 2324 2685 occultis

317 2706 483 2766 odiis.
547 2725 737 2785 neque
776 2709 927 2769 enim
958 2706 1137 2767 multo
1168 2716 1324 2781 ante,
1357 2726 1486 2767 cum
1506 2709 1657 2770 haud
1679 2711 1886 2789 procul
1910 2710 2139 2770 theatro
2165 2708 2324 2769 Mar-

263 2811 293 2850 5
318 2789 452 2849 celli
489 2791 743 2867 effigiem
782 2791 915 2851 divo
949 2790 1213 2866 Augusto
1249 2789 1394 2851 Iulia
1423 2793 1678 2870 dicaret,
1722 2792 1921 2853 Tiberi
1958 2811 2170 2854 nomen
2209 2810 2324 2853 suo

314 2878 806 2953 postscripserat,
860 2875 1033 2951 idque
1078 2873 1179 2933 ille
1223 2874 1572 2937 credebatur
1621 2886 1684 2936 ut
1725 2878 1968 2937 inferius
2013 2879 2324 2937 maiestate

314 2960 591 3037 principis
623 2959 786 3035 gravi
818 2967 877 3017 et
910 2957 1267 3019 dissimulata
1311 2960 1636 3021 offensione
1676 2961 1988 3021 abdidisse.
2063 2969 2158 3020 set
2198 2969 2326 3020 tum

314 3042 603 3119 supplicia
646 3043 735 3102 dis
780 3042 1015 3119 ludique
1065 3045 1256 3120 magni
1303 3043 1376 3103 ab
1429 3053 1630 3104 senatu
1687 3044 2106 3119 decernuntur,
2163 3061 2324 3123 quos

315 3127 621 3202 pontifices
662 3136 721 3185 et
761 3141 1010 3202 augures
1052 3135 1109 3186 et
1146 3128 1581 3205 quindecimviri
1619 3131 1990 3207 septemviris
2043 3129 2214 3189 simul
2257 3138 2326 3188 et

242 3228 293 3269 ιο
313 3208 607 3271 sodalibus
641 3209 1054 3287 Augustalibus
1100 3212 1364 3273 ederent.
1452 3223 1760 3274 censuerat
1801 3214 1864 3274 L.
1906 3212 2206 3291 Apronius
2253 3222 2322 3272 nt

310 3291 540 3354 fetiales
580 3309 815 3373 quoque
857 3295 926 3354 iis
968 3294 1117 3355 ludis
1161 3296 1582 3373 praesiderent.
1653 3307 1854 3359 contra
1891 3298 2034 3359 dixit
2065 3295 2316 3371 Caesar,

314 3374 583 3439 distincto
608 3379 1070 3440 sacerdotiorum
1092 3381 1217 3439 iure
1245 3381 1587 3457 etrepetitis
1611 3383 1926 3462 exemplis:
1952 3382 2322 3460 nequeenim

307 3474 572 3535 umquam
615 3462 907 3525 fetialibus
955 3463 1071 3524 hoc
1110 3465 1428 3525 maiestatis
1479 3464 1684 3525 fuisse.
1765 3466 1898 3533 ideo
1949 3465 2320 3543 Augustales
