2475 4000
728 246 934 292 menn
962 249 1005 292 1.
1041 247 1190 294 cu».
1214 247 1454 300 ‘ze—32.
1872 231 1881 242 “
2013 237 2091 296 17
2118 297 2125 308 ,

79 397 384 458 imbribus
419 399 702 458 continuis
743 390 1024 476 adeoque'
1053 401 1276 476 saevis,
1322 409 1383 460 ut
1424 419 1539 459 non
1578 405 1775 480 egredi
1816 404 2135 482 tentoria,5

81 483 454 558 congregari
481 484 634 540 inter
665 499 765 557 se,
806 485 906 541 vix
947 483 1116 541 tutari
1159 482 1325 558 signa
1364 493 1641 559 possent,
1688 503 1831 563 quae
1866 489 2091 548 turbine

85 577 286 643 atque
313 565 476 624 unda·
504 565 894 643 raptabantur.
969 565 1212 625 durabat
1253 575 1310 624 et
1351 565 1597 624 formido
1638 569 1901 628 caelestis
1948 572 2089 646 irae,

85 667 224 708 nec
251 649 456 708 frustra
487 649 770 709 adversus
796 651 1006 727 impios
1035 649 1364 708 hebescere
1398 650 1625 723 sidera,
1670 665 1837 708 ruere
1875 663 2091 732 tempe·

94 742 318 792 states:
368 750 484 792 non
527 732 680 794 aliud
723 735 999 793 malorum
1040 733 1426 794 levamentum
1468 750 1637 812 quam
1678 734 1727 791 si
1781 733 2095 810 linquerent

93 825 296 876 castra
340 816 586 877 infausta
629 825 1026 894 temerataque
1067 827 1126 876 et
1177 817 1350 876 soluti
1400 817 1633 896 piaculo
1686 817 1807 874 suis
1860 819 2163 895 quisqnem

85 899 360 960 hibernis
401 901 804 960 redderentur.
877 902 1120 979 primum
1162 911 1411 976 octava²
1460 901 1594 961 dein
1632 900 1829 979 quinta
1866 899 2098 961 decuma

84 985 260 1060 le'gio
283 984 551 1044 rediere:
586 1001 844 1044 nonanus
875 985 1269 1063 opperiendas
1292 984 1507 1044 Tiberii
1536 984 1817 1062 epistulas
1852 983 2101 1044 clamita-

83 1076 288 1143 verat,
321 1083 458 1128 mox
489 1068 784 1128 desolatus
815 1069 1057 1128 aliorum
1087 1068 1451 1128 discessione
1492 1071 1855 1127 inminentem
1900 1085 2101 1127 neces-

81 1154 334 1212 sitatem
361 1160 570 1230 sponte
599 1153 918 1230 praevenit.
983 1160 1042 1211 et
1067 1151 1295 1212 Drusus
1334 1169 1449 1210 non
1491 1160 1835 1230 exspectato
1880 1151 2101 1228 legato-

83 1255 220 1296 rum
263 1253 573 1313 regressu,
623 1238 753 1314 quia
793 1235 1124 1314 praesentia
1170 1225 1309 1294 satis
1354 1237 1753 1314 considerant,
1800 1237 1856 1295 in
1900 1235 2102 1295 urbem
2122 1257 2171 1298 15

81 1320 296 1380 rediit.
415 1373 432 1383 ,

229 1403 336 1465 31.
383 1402 576 1463 Isdem
605 1404 788 1463 ferme
825 1403 1031 1465 diebus
1063 1403 1247 1463 isdem
1278 1404 1469 1463 causis
1506 1401 1881 1464 Germanicae
1913 1403 2098 1481 logio·

81 1505 208 1546 nes
239 1487 532 1560 turbatae,
566 1497 777 1564 quanto
809 1489 1041 1565 plures,
1084 1496 1241 1546 tanto
1287 1487 1629 1565 violentius,
1672 1497 1729 1547 et
1757 1507 1960 1565 magna
1994 1505 2101 1565 spe

83 1573 237 1634 fore
279 1579 337 1629 ut
381 1569 749 1630 Germanicus
792 1569 1014 1632 Caesar
1056 1573 1353 1649 imperium
1394 1571 1631 1640 alterius
1675 1575 1795 1651 pati
1839 1571 2123 1650 nequiret*

85 1656 390 1732 daretque
435 1672 502 1712 se
549 1654 873 1731 legionibus
917 1657 973 1714 vi
1018 1673 1119 1715 sua
1161 1664 1367 1715 cuncta
1418 1657 1704 1714 tractaris.
1787 1657 1901 1716 duo
1950 1653 2098 1729 apud

85 1741 290 1816 ripam
329 1737 852 1799 Rheniexercitus
897 1749 1088 1800 erant:
1131 1741 1222 1799 cui
1266 1755 1475 1799 nomen
1518 1741 1838 1818 superiori,
1884 1735 1989 1794 sub
2027 1732 2091 1794 G.
2119 1751 2143 1790 5

87 1823 250 1882 Silio
284 1823 522 1899 legato,
552 1823 885 1884 inferiorem
919 1824 990 1882 A.
1030 1822 1285 1883 Caecina
1327 1823 1580 1883 curabat.
1654 1821 1907 1894 regimen
1950 1837 2099 1878 sum-

87 1925 230 1966 mae
266 1908 352 1966 rei
383 1925 568 1985 penes
601 1907 1023 1983 Germanicum,
1057 1907 1288 1984 agendo
1322 1905 1627 1966 Galliarum
1659 1902 1855 1958 censui
1882 1910 1995 1958 tum
2016 1895 2095 1959 in·

35 2058 51 2069 Ι
89 2000 340 2051 tentum.
409 1992 518 2051 sed
551 1993 758 2071 quibus
791 1992 982 2053 Silius'
1000 1989 1437 2060 moderabatur,
1469 1989 1657 2041 menie
1688 1980 1952 2057 ambigua
1980 1983 2095 2041 for·

89 2064 296 2135 binam
339 2076 642 2135 seditionis
685 2078 914 2136 alienae
956 2074 1433 2155 speculabantur:
1475 2064 1763 2160 inferioris
1807 2067 2097 2126 exercitus

87 2160 274 2219 miles
299 2160 358 2215 in
385 2158 603 2217 rabiem
633 2160 945 2237 prolapsus
983 2170 1094 2234 est,
1131 2166 1259 2217 orto
1283 2154 1356 2213 ab
1376 2149 1913 2209 unetvloensimanis
1939 2151 2094 2228 quin·
2116 2157 2167 2197 1⁰

87 2244 376 2316 tanisque
407 2242 598 2313 initio,
643 2251 700 2300 et
732 2244 932 2300 tractis
964 2243 1144 2320 prima
1183 2250 1413 2315 quoque
1456 2248 1525 2290 8⁰
1565 2233 1873 2293 vicensima
1914 2234 2097 2313 legio-⁴

89 2326 314 2385 nibus:
354 2340 483 2380 nam
509 2323 692 2382 isdem
721 2325 960 2383 aestivis
985 2326 1040 2382 in
1071 2319 1271 2378 finibus
1294 2314 1571 2374 Ubiorum
1602 2316 1961 2379 habebantur
1990 2338 2095 2398 per

95 2412 290 2469 otium
327 2415 425 2465 aut
454 2405 605 2464 levia
633 2409 837 2466 munia.
909 2409 1078 2485 igimr
1114 2397 1305 2457 audito
1348 2398 1461 2457 fine
1511 2399 1751 2475 Augusti
1786 2404 2096 2462 vernacula

94 2490 418 2552 multitudo
447 2506 634 2567 nuper
666 2498 796 2549 acto
823 2492 878 2549 in
907 2490 1046 2550 urbe
1075 2482 1325 2559 dilectu,
1375 2482 1649 2541 lasciviae
1694 2492 1887 2563 sueta,
1936 2485 2095 2544 labo-

96 2596 224 2636 rum
275 2574 626 2648 intoleranS,
682 2575 927 2651 implere
966 2578 1287 2629 ceterorum
1343 2566 1519 2625 rudes
1569 2568 1817 2625 animos:
1867 2570 2097 2629 venisse
2118 2581 2166 2622 15

97 2664 340 2739 tempus
381 2660 800 2739 quotveterani
839 2664 1103 2717 maturam
1154 2651 1516 2724 missionem,
1563 2650 1801 2710 iuvenes
1850 2650 2099 2729 largiora

102 2744 419 2822 stipendia,
447 2745 636 2803 cuncti
659 2742 880 2801 modum
901 2737 1257 2795 miseriarum
1276 2743 1667 2812 exposcerent
1687 2737 2097 2814 saevitiamque

107 2829 507 2887 centurionum
555 2826 984 2885 ulciscerentur.
1054 2836 1170 2879 non
1221 2836 1363 2877 unus
1408 2818 1589 2894 haec,
1645 2828 1707 2878 ut
1748 2820 2099 2879 Pannonicas

106 2912 260 2971 inter
296 2912 564 2989 legiones
593 2902 970 2977 Percennius,
1013 2920 1125 2961 nec
1156 2902 1305 2980 apud
1346 2902 1603 2981 trepidas
1642 2904 1876 2964 militum
1908 2921 2096 2979 aures,

111 2995 281 3057 alio&
303 2995 616 3055 validiores
647 2986 938 3051 exercitas
967 2987 1417 3064 respicientium,
1454 2987 1557 3046 sed
1579 2987 1753 3047 multa
1798 2988 2097 3047 seditionis
2117 3006 2165 3047 20

111 3096 214 3139 ora
243 3096 576 3157 vocesque:
607 3092 704 3133 saa
735 3073 790 3129 in
823 3088 990 3131 manu
1020 3072 1186 3129 sitam
1221 3086 1343 3128 rem
1382 3068 1723 3147 Romanam,
1769 3073 1887 3131 suis
1916 3072 2096 3130 victo-

115 3164 212 3221 riis
249 3164 452 3239 augeri
477 3174 596 3221 rem
625 3155 934 3236 publicam,
966 3157 1023 3214 in
1054 3170 1214 3213 suum
1250 3164 1691 3229 cognomentum
1721 3156 1968 3215 adscisci
1996 3156 2092 3214 im-

159 3257 445 3306 oratores.

119 3263 154 3321 p
242 3330 340 3391 32.
384 3328 506 3388 Nec
534 3326 760 3402 legatus
791 3324 1017 3383 obviam
1045 3322 1217 3381 ibat:¹
1252 3323 1467 3400 quippe
1518 3321 1763 3400 plurium
1790 3321 2097 3382 vaecordia

121 3414 487 3473 constantiam
516 3419 830 3469 exemerat.
889 3414 1136 3486 repente
1176 3405 1453 3484 lymphati
1483 3405 1775 3466 destrictis
1804 3405 2013 3482 gladiis
2044 3408 2098 3466 in

120 3499 479 3556 centuriones
511 3493 807 3555 invadunt:
855 3508 922 3551 ea
963 3490 1351 3551 vetustissima
1379 3489 1715 3551 militaribus
1746 3488 1892 3631 {diis
1922 3499 2097 3551 mate-

198 3598 364 3639 TAcrrx
387 3598 526 3637 PARS
549 3597 585 3634 1.
1227 3596 1240 3603 ’
