2475 4000
326 193 451 257 250
860 201 1187 250 CORNELII
1210 201 1444 250 'mern
1469 202 1832 261 ANNAan

325 360 568 434 lorigem
593 375 805 436 preces
834 357 1153 436 suscipere.
1211 357 1576 435 profectique
1603 357 1840 416 Romam
1871 356 2006 416 dum
2045 354 2174 414 aliis
2221 373 2330 416 cn-
2409 383 2424 398 ·

324 446 403 502 ris
442 444 715 500 intentum
754 441 1047 501 Neronem
1088 440 1496 519 opperiuntur,
1551 442 1702 500 inter
1743 456 1810 500 eu
1857 457 2008 518 quae
2045 437 2334 500 barbaris

326 533 681 586 ostentantur
716 527 1008 585 intravere
1049 522 1287 602 Pompei
1339 524 1648 598 theatrum,
1702 540 1814 601 quo
1865 520 2330 599 magnitudinem

323 609 523 688 populi
551 610 825 669 viserent.
884 608 1005 669 illic
1045 626 1155 687 per
1185 609 1361 668 otium
1401 611 1624 687 (neque
1652 610 1801 667 euim
1844 606 2081 666 ludicris
2122 607 2330 683 ignari
2427 601 2446 614 '

254 717 304 758 15
327 691 791 770 oblectabantur)
835 691 963 752 dum
1008 708 1345 751 consessum
1375 709 1621 767 caveae,
1663 689 2326 767 discrimina'ordinnm‚

320 779 451 856 quis
472 795 673 855 eques,
698 776 796 836 nbi
819 785 1050 836 senatus
1076 783 1503 854 percontantur,
1527 773 1832 836 advertere
1851 772 2130 852 quosdam
2155 771 2328 833 cultu

318 871 564 922 externo
608 863 667 920 in
694 859 927 920 sedibus
960 855 1288 920 senatorum
1301 877 1327 928 ;·
1365 868 1424 919 et
1463 859 1691 936 quinam
1731 857 1925 916 forent
1962 858 2320 934 rogitantes,

322 954 625 1025 postquam
656 943 990 1005 audiverant
1018 959 1213 1002 earum
1240 944 1494 1019 gentium
1522 942 1734 1019 legatis
1762 939 1819 1000 id
1840 940 2077 1001 honoris
2103 940 2320 1018 datum,

320 1047 471 1108 quac
508 1031 717 1088 virtute
757 1035 815 1088 et
854 1027 1097 1088 amicitia
1127 1027 1386 1102 Romana
1428 1024 1881 1104 praecellerent3
1924 1023 2114 1083 nullos
2157 1040 2318 1084 mor·

244 1131 302 1173 ao
322 1113 514 1172 talium
560 1115 731 1172 armis
772 1119 867 1171 aut
907 1110 1021 1170 fide
1061 1119 1195 1170 ante
1228 1109 1548 1170 Germanos
1577 1127 1710 1169 esse
1741 1109 2064 1168 exclamant
2099 1106 2316 1184 degre-

320 1196 659 1274 diunturque
698 1203 759 1256 et
798 1195 947 1254 inter
990 1203 1187 1273 patres
1220 1192 1544 1252 considunt.
1583 1191 1737 1271 quod
1767 1194 2011 1252 comiter
2045 1209 2077 1250 a
2111 1191 2306 1250 visen-

318 1279 491 1340 tibus-
521 1289 859 1358 exceptum,
909 1280 1071 1355 quasi
1125 1279 1371 1356 impetus
1411 1279 1625 1354 antiqui
1671 1284 1732 1335 et
1775 1275 1928 1334 bona
1977 1274 2306 1334 aemulatio.

319 1363 477 1422 Nero
510 1364 739 1422 civitate
766 1360 1025 1422 Romana
1051 1359 1253 1420 >ambos
1283 1361 1537 1435 donavit,
1568 1359 1788 1420 Frisios
1819 1358 2108 1418 decedere
2143 1359 2304 1434 agris

320 1447 502 1506 iussit.
559 1453 732 1522 atque
774 1443 891 1504 illis
920 1442 1360 1523 aspernantibus
1389 1444 1680 1504 auxiliaris
1711 1461 1892 1520 eques
1935 1450 2176 1521 repente
2205 1442 2308 1501 im·

244 1545 300 1584 25
317 1530 527 1588 missus
566 1527 971 1588 necessitatem
1012 1527 1228 1603 attulit,
1281 1529 1470 1606 captis
1503 1529 1772 1602 caesisve
1811 1529 1907 1604 qui
1937 1526 2312 1606 pervicacius

318 1612 664 1672 restiterant.

442 1697 544 1756 55.
586 1693 843 1754 Eosdem
878 1711 1053 1772 agros
1082 1694 1434 1770 Ampsivarii
1465 1711 1854 1774 occupavere,
1881 1693 2130 1754 validior
2158 1710 2312 1771 gens

314 1796 434 1838 non
462 1777 633 1840 modo
666 1796 767 1839 sua
796 1779 987 1856 copia,
1017 1777 1123 1837 sed
1146 1775 1521 1836 adiacentium
1544 1778 1888 1858 populorum
1909 1776 2308 1852 miseratione,

321 1863 451 1940 quia
490 1861 641 1941 pulsi
682 1881 717 1922 a
756 1860 1001 1924 Chaucis
1040 1870 1098 1921 et
1128 1859 1285 1920 sedis
1324 1861 1534 1940 inopes
1565 1871 1742 1922 tutum
1773 1861 2001 1923 exilium
2043 1860 2306 1930 orabant.

320 1946 634 2025 aderatque
681 1947 749 2007 iis
792 1946 981 2009 clarus
1021 1964 1128 2025 per
1170 1945 1300 2006 illas
1332 1955 1540 2023 gentes
1572 1954 1630 2007 et
1671 1944 1838 2007 nobis
1865 1962 2102 2025 quoque
2137 1943 2308 2020 lidus,

262 2050 293 2089 s
320 2032 547 2093 nomine
575 2030 908 2107 Boiocalus,
938 2032 1188 2090 vinctum
1213 2047 1284 2106 se
1314 2028 1638 2091 rebellione
1672 2027 1968 2091 Cherusca
1996 2030 2157 2089 iussu
2191 2028 2308 2089 Ar-

318 2117 488 2177 minii,
512 2115 810 2191 referens,
854 2130 991 2175 mox
1020 2113 1253 2175 Tiberio
1283 2120 1351 2177 eti
1369 2112 1709 2176 Germanico
1748 2113 1986 2173 ducibus
2017 2112 2310 2191 stipendia

314 2199 627 2273 meruisse,
673 2206 733 2257 et
766 2198 1177 2277 quinquaginta
1211 2214 1488 2277 annorum
1517 2197 1802 2277 obsequio
1844 2196 1899 2257 id
1931 2213 2164 2275 quoque
2211 2194 2308 2257 ad-

314 2282 588 2356 iungere,
630 2280 1047 2359 quodgentem
1086 2298 1246 2342 suam
1278 2281 1490 2344 dicioni
1531 2290 1768 2343 nostrae
1813 2277 2124 2341 subiceret.
2188 2295 2306 2359 quo

314 2372 522 2431 tantam
554 2372 775 2441 partem
808 2366 994 2443 campi
1027 2365 1252 2442 iacere,
1293 2366 1352 2424 in
1377 2383 1542 2443 quam
1577 2383 1795 2443 pecora
1829 2374 1888 2424 et
1915 2372 2170 2425 armenta
2202 2363 2302 2421 mi-

244 2464 298 2505 ιο
316 2447 471 2507 litum
522 2447 824 2525 aliquando
874 2444 1432 2509 transmitterentur?
1493 2458 1794 2509 servarent
1834 2466 2002 2509 sane·
2029 2455 2302 2525 receptus

314 2530 595 2607 gregibus
636 2533 785 2592 inter
813 2532 1101 2593 hominum
1128 2532 1364 2608 famem,
1403 2532 1579 2593 modo
1609 2550 1680 2591 ne
1710 2534 2033 2593 vastitatem
2067 2539 2124 2590 et
2151 2529 2295 2589 soli·

314 2614 561 2674 tudinem
600 2615 836 2677 mallent
882 2634 1049 2695 quam
1085 2616 1303 2677 amicos
1345 2616 1613 2696 populos.
1665 2614 2081 2677 Chamavorum
2121 2631 2300 2693 quon·

314 2697 441 2761 dam
470 2717 544 2759 ea
575 2717 731 2777 arva,
765 2717 902 2761 mox
936 2699 1252 2761 Tubantum
1281 2708 1340 2759 et
1365 2708 1502 2779 post
1533 2700 1846 2779 Usiporum
1875 2697 2076 2771 fuisse.
2134 2697 2304 2757 sicuti

312 2781 536 2843 caelum
564 2782 718 2860 deis,
760 2785 840 2845 itu
879 2792 1065 2844 terras
1103 2785 1308 2859 generi
1329 2783 1652 2844 mortalium
1682 2781 1875 2851 datas3
1909 2800 2179 2861 quaeque
2208 2799 2306 2841 va·

243 2876 295 2918 ¹⁵
315 2883 488 2942 cuae,
536 2884 637 2925 eas
673 2866 937 2946 vpublicas
969 2884 1126 2925 esse.
1182 2867 1370 2927 solem
1399 2866 1604 2927 deind'e
1647 2868 1973 2947 suspiciens
2015 2875 2076 2925 et
2107 2874 2308 2927 cetera

312 2948 501 3010 sidera
541 2966 759 3032 vocans
803 2950 967 3028 quasi
1012 2965 1206 3009 coram
1245 2950 1671 3028 interrogabat,
1713 2950 2008 3010 vellentne
2041 2950 2308 3009 contueri

195 3054 201 3067 ·
312 3032 481 3095 inane
512 3032 728 3095 solum:
772 3034 964 3113 potius
997 3050 1162 3093 mare
1192 3034 1672 3115 superfunderent
1704 3032 1984 3095 adversus
2021 3042 2309 3094 terrarum

310 3134 413 3177 ere
459 3126 637 3177 tores.
1072 3142 1075 3147 ·
1547 3139 1555 3146 ’
1973 3149 1983 3157 ,

418 3134 535 3263 1³56.
576 3184 661 3259 Et‘
698 3206 1011 3261 commotus
1048 3198 1140 3261 his
1180 3199 1419 3263 Avitus:
1467 3201 1737 3281 patienda
1779 3200 2078 3263 meliorum
2122 3201 2306 3281 impe·

307 3284 421 3352 ria3
475 3284 534 3345 id
578 3284 666 3343 dis
722 3300 869 3362 quos
912 3284 1274 3363 inplorarent
1315 3286 1618 3365 placitum,
1674 3294 1734 3345 ut
1779 3283 2070 3346 arbitrium
2116 3301 2308 3362 penes

305 3365 596 3437 Romanos
624 3373 911 3444 maneret,
942 3368 1077 3453 quid
1111 3366 1314 3429 darent
1356 3367 1488 3449 quid
1525 3368 1874 3445 adimerent,
1915 3385 2108 3446 neque
2155 3367 2308 3427 alios

300 3446 527 3509 iudices
566 3468 735 3529 quam
762 3468 827 3511 se
856 3452 1019 3533 ipsos
1049 3460 1404 3533 paterentur.
1462 3450 1610 3513 haec
1651 3454 1708 3514 in
1740 3450 2030 3533 publicum
2064 3449 2304 3531 Ampsi-
