2475 4000
314 189 439 258 23'2
572 207 577 216 ·
833 204 1164 252 connnnn
1188 203 1422 249 TACITI
1447 201 1816 248 ANNALIUM

301 360 553 442 propria
593 366 651 416 et
697 360 963 437 parciore
1006 375 1223 417 mensa.
1292 356 1415 415 illic
1455 356 1724 434 epulante
1769 353 2135 430 Britannico,
2191 352 2350 432 quia

302 444 483 504 cibos
523 440 813 520 potusque
863 443 986 500 eius
1030 441 1289 500 delectus
1322 458 1398 499 ex
1441 439 1712 498 ministris
1741 446 1910 515 gustu
1943 436 2348 516 explorabat,

262 547 389 589 sne
418 527 773 586 omitteretur
801 525 1113 584 institutum
1144 533 1237 584 aut
1268 525 1564 601 utriusque
1592 531 1776 581 morte
1805 520 2156 600 proderetur
2195 537 2348 580 sce-

314 613 447 688 lus,
468 609 597 669 talis
632 607 801 668 dolus'
834 617 1101 688 repertus
1133 617 1243 667 est.
1309 605 1759 666 innoxiaadhuc
1787 623 1857 662 ac
1887 603 2235 682 praecalida
2277 610 2347 660 et

198 693 206 700 “
314 695 488 754 libata
510 702 686 768 gustu
712 691 1136 770 potiotraditur
1155 691 1514 758 Britannico;
1542 689 1711 768 dein,
1733 697 2040 766 postquam
2075 686 2350 745 fervore

316 775 760 856 aspernabatur,
792 775 1021 852 ¹frigida
1062 776 1120 833 in
1147 791 1296 850 aqua
1337 771 1660 832 adfunditur
1689 781 2008 842 venenum,
2057 768 2224 843 quoii
2258 768 2346 823 ita

318 869 558 922 cunctos
603 861 727 918 eius
772 868 927 926 artus
970 859 1258 935 pervasit,
1306 859 1368 914 ut
1401 871 1520 912 vox
1551 854 1769 928 pariter
1797 859 1855 908 et
1885 850 2120 927 spiritus
2146 867 2342 926 rape-

246 967 297 1006 10
319 953 535 1005 rentur.
574 940 893 1020 trepidatur
916 959 949 1000 a
974 935 1548 1012 circumsedentibuS,
1577 933 1882 1010 diffugiunt
1910 930 2341 1011 inprudentes:

313 1037 371 1089 at
402 1025 629 1105 quibus'
654 1024 823 1084 altior
866 1023 1232 1097 intellectus,
1275 1022 1550 1079 resistunt
1592 1017 1764 1076 defixi
1797 1027 1856 1076 et
1896 1015 2196 1076 Neronem
2247 1018 2340 1074 in-

312 1119 559 1172 tuentes.
619 1107 721 1168 ille
750 1116 809 1166 ut
840 1117 964 1166 erat
994 1105 1231 1165 reclinis
1265 1113 1322 1164 et
1346 1104 1548 1162 nescio
1586 1101 1822 1178 similis,
1869 1100 2095 1160 solitum
2127 1103 2212 1159 ita
2249 1100 2342 1158 ait

308 1190 814 1276 per-comitialem
856 1190 1147 1265 morbum,
1196 1207 1310 1267 quo
1343 1189 1524 1266 prima
1556 1185 1626 1246 ab
1663 1185 1898 1244 infantia
1927 1185 2336 1244 adflictaretur

310 1277 697 1351 -BritannicuS,
730 1283 787 1333 et
814 1273 1103 1334 redituros
1140 1272 1413 1350 paulatim
1435 1272 1593 1329 visus
1619 1287 1958 1348 sensusque.
2017 1276 2075 1326 at
2099 1267 2330 1344 Agrip-

248 1379 298 1418 15
319 1361 487 1440 pinae
515 1361 565 1416 is
612 1370 841 1437 pavor,
874 1375 945 1416 ea
982 1359 1373 1416 consternatio
1412 1356 1649 1430 mentiS,
1697 1353 1958 1432 quamvis
1989 1351 2147 1410 vultu
2180 1367 2328 1429 pre-

314 1449 597 1515 meretur,
630 1441 894 1517 emicuit,
931 1450 993 1499 ut
1025 1441 1270 1518 perinde
1299 1443 1558 1516 ignaram
1591 1438 1774 1497 fuisse
1803 1443 1988 1516 atque
2019 1435 2334 1496 Octaviam

277 1579 280 1583 ,
316 1540 579 1585 sororem
618 1522 932 1582 Britannici
976 1524 1344 1583 constiterit:.
1376 1525 1590 1602 quippe
1633 1521 1741 1580 sibi
1789 1537 2116 1600 supremum
2161 1521 2332 1578 auxi-

315 1611 452 1669 lium
497 1615 762 1684 ereptum
794 1615 851 1665 et
898 1606 1194 1684 parricidii
1238 1607 1568 1686 exemplum
1607 1605 2006 1682 intellegebat.
2075 1603 2330 1664 Octavia

319 1709 579 1771 quoque,
625 1691 883 1767 quamvis
924 1689 1162 1750 rudibus
1198 1692 1392 1767 anniS,
1445 1689 1739 1765 dolorem,
1773 1690 2101 1764 caritatem,
2135 1690 2330 1746 omnis

246 1797 297 1836 20
320 1775 583 1835 adfectus
624 1773 990 1834 abscondere
1033 1773 1332 1833 didicerat.
1391 1775 1470 1832 ita
1515 1782 1650 1851 post
1688 1773 1870 1832 breve
1911 1772 2204 1831 silentium
2236 1791 2328 1832 re·

317 1860 495 1938 petita
526 1857 1035 1918 conviviilaetitia.
1723 1887 1727 1894 ·

444 1943 538 2002 17.
593 1941 727 2002 Nox
782 1943 984 2003 eadem
1030 1959 1233 2001 necem
1280 1940 1589 2001 Britannici
1637 1950 1694 2001 et
1749 1959 1954 2020 rogum
2005 1943 2326 2019 coniunxit,

318 2028 556 2109 proviso
587 2036 720 2087 ante
744 2027 974 2090 funebri
1010 2035 1243 2106 paratu,
1299 2027 1395 2104 qui
1429 2025 1690 2087 modicus
1721 2026 1843 2086 fuit.
1909 2029 1966 2086 in
1999 2042 2210 2107 campo
2243 2037 2326 2086 ta-

317 2130 449 2171 men
487 2111 687 2170 Martis
732 2111 991 2189 sepultus
1035 2120 1125 2170 est
1166 2110 1314 2171 adeo
1355 2110 1598 2170 turbidis
1649 2109 1953 2188 imbribus,
2005 2120 2068 2170 ut
2109 2110 2326 2187 vulgus

315 2192 457 2253 irim
488 2192 656 2253 deum
686 2194 954 2270 portendi
984 2194 1296 2255 crediderit
1323 2194 1600 2254 adversus
1629 2196 1890 2272 facinus,
1929 2196 2020 2253 cui
2052 2196 2322 2274 plerique

270 2299 295 2337 5
318 2285 506 2337 tamen
534 2275 819 2335 hominum
862 2278 1274 2355 ignoscebant,
1325 2280 1587 2356 antiquas
1629 2279 1864 2339 fratrum
1912 2279 2236 2339 discordias
2265 2287 2320 2337 et

318 2358 663 2419 insociabile
696 2378 940 2437 regnum
963 2363 1350 2422 aestimantes.
1411 2362 1636 2421 tradunt
1659 2362 1926 2442 plerique
1950 2379 2151 2423 eorum
2180 2372 2310 2421 tem·

318 2462 523 2523 porum
570 2447 920 2527 scriptores,
973 2444 1197 2505 crebris
1238 2455 1371 2505 ante
1415 2448 1646 2507 exitium
1678 2446 1884 2507 diebus
1928 2448 2156 2507 illusum
2197 2448 2310 2505 isse

320 2529 605 2606 pueritiae
634 2528 946 2588 Britannici
978 2528 1302 2605 Neronem,
1352 2539 1414 2589 ut
1445 2531 1559 2590 iam
1587 2548 1702 2590 uon
1731 2541 2096 2609 praematura
2123 2546 2311 2608 neque

320 2629 496 2672 saeva
526 2630 685 2672 mors
714 2611 899 2672 videri
927 2620 1118 2691 queat,
1150 2609 1408 2690 quamtis
1431 2616 1582 2673 inter
1605 2632 1772 2677 sacra
1793 2624 2053 2691 mensae,
2087 2632 2156 2674 ne
2175 2623 2315 2673 tem-

251 2715 299 2756 10
319 2712 465 2774 pore
496 2696 727 2773 quidem
756 2696 830 2757 ad
859 2696 1224 2775 complexum
1247 2714 1512 2758 sororum
1537 2698 1692 2775 dato,
1723 2708 1854 2759 ante
1879 2700 2086 2759 oculos
2109 2698 2319 2758 inimici

298 2788 634 2859 ‘properata
665 2781 737 2838 sit
764 2782 823 2839 in
856 2779 1013 2840 illum
1044 2797 1369 2857 supremum
1401 2781 1770 2842 Claudiorum
1801 2786 2171 2861 sanguinem,
2207 2792 2318 2841 stu·

318 2879 427 2939 pro
462 2864 619 2942 prius
651 2880 819 2941 quam
852 2880 1079 2922 veneno
1105 2863 1404 2941 pollutum.
1457 2867 1887 2927 festinationem
1917 2870 2322 2945 exsequiarum

320 2946 509 3005 edicto
561 2944 799 3005 Caesar.
824 2945 1109 3022 defendit,
1167 2948 1255 3007 ita*
1305 2950 1618 3009 maioribus
1668 2951 1978 3011 institutum
2033 2952 2321 3027 referenS,

318 3028 659 3089 subtrahere
708 3030 898 3089 oculis
960 3030 1195 3090 acerba·
1223 3031 1426 3093 funera
1481 3047 1671 3111 neque
1738 3033 2159 3095 laudationibus
2229 3044 2322 3093 aut

250 3130 299 3169 15
319 3130 532 3192 pompa
562 3112 841 3173 detinere.
906 3123 1159 3173 ceterum
1209 3123 1268 3173 et
1315 3116 1423 3175 sibi
1453 3120 1666 3177 amisso
1714 3119 1909 3179 fratris
1939 3119 2154 3177 auxilio
2187 3119 2323 3177 reli-

319 3214 460 3273 quas
501 3215 641 3275 spes
682 3198 739 3254 in
778 3215 845 3256 re
886 3198 1125 3275 publica
1150 3201 1323 3275 sitas,
1356 3210 1414 3259 et
1443 3210 1600 3261 tanto
1642 3204 1827 3279 magis
1867 3202 2180 3263 fovendum
2224 3221 2322 3281 pa-

316 3279 499 3340 tribus
542 3279 879 3359 populoque
928 3283 1268 3363 principem,
1311 3286 1404 3361 qui
1449 3298 1594 3345 unus
1637 3296 1977 3365 superesset
2019 3306 2052 3345 e
2103 3287 2322 3347 familia

318 3379 593 3422 summum
628 3362 700 3422 ad
726 3364 1018 3442 fastigium
1048 3369 1266 3443 genita.

440 3445 538 3505 18.
599 3445 766 3507 Exim
816 3449 1121 3526 largitione
1182 3451 1521 3529 potissimos
1584 3454 1897 3515 amicorum
1957 3456 2130 3513 auxit.
2207 3470 2318 3513 nec

890 3551 915 3581 0
