2475 4000
698 255 905 331 mmm
949 255 1073 308 ΧΠ.
1113 253 1266 302 cAP.
1313 251 1507 318 1‚-.-6.
1744 203 1760 215 ἱ
1805 225 1813 238 “
1883 299 1898 308 ,
1975 240 2092 308 199

142 429 227 488 per
272 409 510 470 edictum
550 407 774 470 Vitellii
830 409 1030 472 ordine
1080 411 1376 470 senatorio
1420 417 1712 486 movetur,
1757 425 2090 488 quamquam
2111 437 2159 478 ω

140 495 267 554 lecto
316 492 535 573 pridem
587 501 788 552 senatu
842 492 1140 575 lustroque
1198 493 1454 554 condito.
1535 492 1697 554 simul
1749 490 2091 552 adfinitatem

136 577 371 637 Claudius
398 577 645 655 diremit,
674 575 1026 656 adactusque
1058 578 1286 638 Silanus
1316 578 1540 637 eiurare
1572 577 1996 652 magistratum,
2032 586 2092 636 et

138 661 361 738 reliquus
392 671 702 741 praeturae
730 658 855 721 dies
885 663 943 720 in
976 661 1217 740 Eprium
1237 658 1576 721 Marcellum
1609 659 1866 721 conlatus
1899 669 2004 720 est.
2090 728 2094 733 ,

230 747 282 804 5.
325 742 390 804 G.
423 745 703 823 Pompeio
738 745 809 819 Q.
847 746 1101 806 Veranio
1133 743 1469 806 consulibus
1492 752 1720 823 pactum
1748 745 1896 803 inter
1922 743 2088 804 Glau-

136 828 257 887 ‹lium
294 837 349 888 et
392 829 779 908 Agrippinam
817 831 1231 890 matrimonium
1269 831 1378 890 iam
1418 828 1598 906 fama,
1644 828 1755 889 iam
1782 843 1976 888 amore
2007 829 2088 886 in-

135 911 261 972 licito
285 912 631 990 firmabatur3
658 911 902 973 necdum
926 913 1229 974 celebrare
1255 913 1556 973 sollemnia
1579 913 1898 991 nuptiarum
1920 910 2088 970 aude·

136 994 271 1072 bant',
312 996 471 1057 nullo
504 997 776 1076 exemplo
806 995 1091 1058 deductae
1120 999 1176 1057 in
1210 997 1436 1057 domum
1465 998 1648 1076 patrui
1679 996 1872 1057 fratris
1901 994 2085 1055 filiae:

136 1080 243 1156 quin
283 1089 337 1140 et
370 1081 657 1142 incestum
684 1099 789 1159 ac,
838 1084 889 1142 si
916 1089 1322 1161 sperneretur,
1368 1099 1440 1140 ne
1473 1082 1528 1138 in
1563 1080 1768 1140 malum
1800 1078 2087 1158 publicum
2111 1110 2136 1148 ⁵

134 1173 424 1242 erumperet
451 1165 829 1228 metuebatur.
898 1184 1009 1226 nec
1052 1174 1185 1226 ante
1226 1166 1437 1225 omissa
1471 1165 1759 1224 cunctatio
1792 1181 1960 1241 quam
1981 1164 2085 1224 ‚Vi-

136 1247 295 1306 tellius
322 1249 439 1308 suis
472 1248 691 1309 artibus
720 1247 779 1308 id
808 1250 1252 1330 perpetrandum
1283 1249 1540 1326 sumpsit.
1578 1256 2088 1326 „percontatusque

134 1328 406 1392 Caesarem
448 1350 522 1393 au
564 1333 735 1392 iussis
788 1335 1022 1413 populi,
1064 1351 1136 1393 an
1178 1333 1506 1394 auctoritati
1527 1363 1535 1372 ·
1556 1338 1800 1392 senatus
1832 1330 2086 1408 cederet,

133 1413 207 1473 ubi
226 1415 317 1476 ille
346 1435 517 1476 unum
546 1435 612 1476 se
645 1417 853 1477 civium
881 1425 947 1476 et
972 1419 1283 1477 consensui
1311 1418 1589 1496 imparem
1617 1415 1948 1496 respondit,
1981 1432 2086 1493 op·
2151 1465 2161 1476 .

132 1500 274 1574 periri
306 1501 453 1563 intra
484 1500 754 1580 palatium
784 1501 961 1562 iubet.
1027 1502 1395 1581 ipsecuriam
1421 1500 1758 1578 ingreditur,
1793 1517 2084 1560 summam·
2105 1530 2156 1571 10

132 1599 221 1658 que
258 1601 375 1642 rem
419 1584 711 1663 publicam
749 1587 847 1662 agi
892 1585 1191 1645 obtestans
1231 1587 1457 1645 veniam
1497 1584 1724 1646 dicendi
1763 1593 1892 1645 ante
1940 1584 2086 1644 alios

133 1670 363 1744 exposcit
393 1667 757 1746 orditurque:
802 1669 1178 1745 gravissimos
1219 1671 1502 1750 principis
1541 1669 1805 1746 labores,
1837 1669 1962 1748 quis
1996 1685 2086 1728 or-

132 1747 233 1815 bem
271 1761 463 1814 terrae
514 1761 813 1832 capessat,
860 1771 1042 1830 egere
1072 1752 1456 1830 adminiculis,
1501 1761 1562 1812 ut
1603 1752 1920 1814 domestica
1952 1770 2088 1812 cura

131 1851 307 1894 vacuus
347 1839 403 1897 in
450 1855 748 1898 commune
793 1837 1074 1898 consulat.
1133 1837 1288 1914 quod
1321 1853 1500 1916 porro
1542 1836 1840 1897 honestius
1883 1854 2087 1897 censo-

132 1919 225 1977 riae
249 1923 451 1982 mentis
481 1921 863 1981 levamentum
898 1939 1065 2001 quam
1098 1920 1400 1980 adsumere
1431 1922 1752 1998 coniugem,
1786 1921 2087 2000 prosperis
2104 1945 2156 1988 15

132 2002 391 2084 dubiisque
425 2007 665 2083 sociam,
699 2008 790 2066 cui
812 2008 1206 2083 cogitationes
1233 2006 1476 2079 intimas,
1516 2006 1607 2063 cui
1629 2022 1844 2083 parvos
1867 2004 2086 2064 liberos

128 2086 295 2165 tradat,
333 2109 452 2151 non
483 2091 638 2150 luxui
667 2099 763 2150 aut
791 2089 1183 2169 voluptatibus
1213 2086 1617 2164 adsuefactus,
1649 2086 1752 2147 sed
1783 2088 1877 2165 qui
1907 2088 2086 2167 prima

130 2169 182 2227 ab
204 2174 423 2235 iuventa
455 2173 687 2251 legibus
718 2174 1262 2253 obtemperavisset.

226 2255 279 2315 6.
321 2257 635 2337 Postquam
668 2259 817 2319 haec
845 2255 1155 2317 favorabili
1186 2255 1451 2316 oratione
1485 2256 1780 2335 praemisit
1799 2256 2087 2335 multaque

132 2346 319 2413 patrum
364 2342 686 2403 adsentatio
734 2339 1108 2421 sequebatur,
1164 2348 1337 2420 capto
1381 2350 1579 2399 'rursus
1619 2340 1808 2418 initio,
1859 2338 2084 2419 quando

130 2424 467 2487 maritandum
500 2427 823 2506 principem
862 2427 1051 2489 cuncti
1097 2418 1434 2502 suaderent,
1475 2423 1654 2501 deligi
1695 2432 1974 2501 oportere
2003 2424 2088 2482 fe-

131 2506 303 2567 minam
340 2510 641 2571 nobilitate
680 2511 1005 2589 puerperiis
1049 2510 1422 2570 sanctimonia
1459 2509 1764 2585 insignem.
1840 2525 1952 2566 nec
1991 2505 2087 2567 din

129 2593 503 2667 anquirendum
560 2596 694 2673 quin
746 2594 1071 2673 Agrippina
1126 2592 1462 2658 claritudine
1514 2591 1747 2669 generis
1807 2591 2082 2649 anteiret:
2107 2615 2135 2653 5

128 2670 285 2733 datum
320 2676 391 2751 ab
440 2696 511 2738 ea
556 2678 923 2738 fecunditatis
967 2680 1422 2756 experimentum
1461 2684 1520 2735 et
1564 2691 1888 2751 congruere
1928 2681 2084 2733 artes

128 2751 385 2821 honestas.
442 2763 499 2823 id
526 2779 669 2827 vero
708 2762 1040 2839 egregium,
1084 2762 1238 2840 quod
1279 2762 1518 2840 provisu
1558 2758 1724 2819 deum
1752 2756 1924 2817 vidua
1964 2758 2086 2817 iun-

129 2852 333 2912 geretur
362 2848 611 2925 principi
642 2864 746 2907 sua
770 2855 985 2906 tantum
1014 2847 1371 2906 matrimonia
1401 2852 1667 2922 experto.
1733 2841 2022 2904 audivisse
2047 2858 2084 2901 a

130 2928 454 3007 parentibus,
484 2930 702 2990 vidisse
731 2932 896 3010 ipsos
926 2928 1111 3009 abripi
1144 2929 1424 3006 coniuges
1451 2927 1525 2989 ad
1553 2927 1714 2988 libita
1743 2924 2084 2988 Caesarum:

129 3011 303 3080 procul
331 3013 390 3075 id
411 3032 459 3075 ,a
487 3015 778 3093 praesenti
816 3012 1117 3073 modestia.
1184 3021 1532 3073 statueretur
1571 3014 1736 3072 immo
1778 3009 2081 3070 documen·
2103 3030 2154 3073 ιο
2263 3032 2270 3035 ·

128 3094 234 3169 tum,
263 3113 374 3174 quo
402 3114 643 3159 uxorem
670 3098 983 3177 imperator
1005 3113 1048 3155 a
1068 3104 1290 3157 senatu
1310 3096 1664 3175 populoque
1683 3095 1962 3156 Romano
1989 3110 2084 3153 ac-

130 3173 337 3251 ciperet.
392 3191 449 3243 at
490 3183 639 3243 enim
680 3199 834 3243 nova
870 3179 1041 3241 uobis
1085 3183 1142 3239 in
1187 3178 1423 3240 fratrum
1462 3180 1610 3240 filias
1639 3179 1938 3255 coniugia:
1980 3174 2084 3236 sed

132 3254 231 3317 aliis
257 3266 523 3338 gentibus
553 3266 874 3342 sollemnia,
914 3282 1108 3343 neque
1134 3264 1272 3341 lege
1305 3262 1420 3323 ulla
1456 3262 1770 3342 prohibita;
1812 3269 1871 3329 et
1899 3259 2084 3321 sobri-

132 3354 293 3403 narum
338 3349 431 3409 diu
474 3352 751 3427 ignorata·
782 3359 1045 3427 tempore
1099 3347 1292 3409 addito
1345 3346 1804 3425 percrebruisse.
1865 3361 2084 3405 morem

131 3433 515 3494 accommodari
544 3443 717 3513 prout
750 3433 1052 3511 conducat,
1087 3442 1147 3493 et
1178 3432 1307 3493 fore
1338 3430 1451 3491 hoc
1484 3448 1712 3510 quoque
1742 3430 1800 3491 in
1828 3430 1899 3489 iis
1935 3446 2082 3507 quae
2104 3450 2151 3491 ιε

132 3519 241 3570 mox
262 3525 620 3596 usurpentur.
