2475 4000
52 2812 60 2831 ¹
82 2811 161 2870 ,ἔθει
178 2837 203 2867 0!
224 2836 301 2866 ‘ize‘

65 2981 91 3033 ',
172 2996 285 3044 .-a

128 3098 133 3111 Ι

98 3116 206 3149 ἰζῆι
230 3122 261 3143 t.-

308 265 315 274 „
384 232 423 292 2
853 238 1180 286 connnnn
1215 236 1454 284 'raom
1484 235 1847 283 Anxanum

304 2801 384 2859 ἱ...

455 397 557 446 sari
586 395 685 444 vim
702 431 716 453 ,
768 393 948 442 Planco
1006 400 1215 441 mortem
1270 393 1527 458 intentam.
1613 390 1696 440 40.
1762 389 2114 448 Germanicus,
2178 389 2302 439 filio
2355 397 2410 440 et

455 477 612 513 uxore
643 462 882 521 dimissis,
953 461 1036 510 41.
1070 460 1215 512 militi
1243 459 1594 526 paenitentiam
1623 460 1775 507 inicit.
1848 459 1932 507 42.
1967 457 2054 509 43.
2095 457 2234 506 Tum
2277 474 2410 508 eum

456 532 672 581 facunda
704 530 924 578 oratione
954 529 1237 592 alloquitur.
1296 529 1380 578 44.
1415 527 1590 576 Mutati
1607 541 1796 592 poenas
1824 527 1877 575 in
1906 540 1962 574 se
1981 527 2113 575 ultro
2139 535 2406 590 poscunt,

454 601 634 650 noxios
665 599 763 662 ipsi
805 598 1037 662 puniunt.
1100 595 1428 646 Centuriones
1470 595 1587 644 novi
1632 595 1844 644 suffecti.
1910 593 1994 643 45.
2039 596 2096 643 In
2145 595 2408 644 turbidos

455 669 535 718 v-is
564 666 725 716 adhuc
756 673 977 730 paratur.
1033 663 1117 714 46.
1154 663 1400 728 Trepidae
1432 663 1572 711 urbis
1603 677 1846 712 rumores.
1908 663 1993 711 47.
2023 661 2269 716 Tiberius
2301 665 2410 711 iter
2445 687 2447 696 ·

456 737 675 786 simulat.
736 733 819 784 48.
866 732 1145 782 Germanici
1187 733 1370 781 minae.
1445 731 1530 794 49.
1579 731 1722 782 Miles
1763 745 1882 780 suos
1937 731 2224 792 turbatores
2279 733 2412 796 ipse

456 805 631 853 caedit.
690 801 773 852 50.
815 803 1055 852 Furorem
1097 799 1346 864 expiaturi
1383 800 1436 850 in
1479 798 1676 850 hostem
1717 807 1852 852 eunt.
1929 798 2079 848 Marsi
2121 801 2406 863 oppressi.
2447 845 2449 858 ,

454 873 537 923 51.
566 871 837 921 Tamianae
866 869 1105 933 templum
1132 868 1366 918 dirutum.
1430 867 1648 918 Insidiae
1671 869 1723 917 in
1751 868 1914 917 reditu
1932 867 2116 918 irritae.
2177 867 2275 918 52.
2309 867 2408 915 Ti-

454 941 622 990 berius
662 938 886 1003 maligne
932 937 1103 986 laudat
1149 933 1512 986 Germanicum.
1585 935 1672 987 53.
1717 937 1872 987 Iuliae
1914 949 2048 985 mors
2087 941 2137 983 et
2191 927 2404 984 mores.
2449 987 2451 1002 Ι

460 1007 709 1058 Gracchus
742 1020 934 1055 caesus.
1008 1005 1093 1056 54.
1138 1002 1345 1054 Sodales
1389 1005 1699 1070 Augustales
1743 1005 2084 1055 instituuntur.
2163 1002 2406 1051 Histrio-
2449 1011 2451 1016 ·

460 1092 580 1124 num
610 1076 803 1124 turbae.

548 1144 637 1204 55.
680 1143 913 1190 Proximo
959 1156 1089 1192 anno
1129 1143 1181 1192 in
1212 1140 1416 1191 Chattos
1458 1153 1720 1192 excursus.
1787 1141 2068 1191 Arminius.
2117 1137 2400 1203 Segestes.
2451 1137 2453 1164 ³

460 1213 546 1265 56.
584 1210 745 1261 Chatti
778 1211 1046 1272 improviso
1082 1209 1328 1276 oppressi,
1359 1209 1586 1258 Mettium
1629 1209 1908 1262 incensum.
1978 1208 2074 1259 ⁸57.
2110 1205 2401 1272 Segestem

461 1282 721 1330 obsessum
756 1277 929 1325 liberat
958 1277 1299 1330 Germanicus.
1357 1277 1494 1328 Uxor
1529 1277 1744 1327 Arminii
1787 1286 1950 1342 capta.
2014 1275 2099 1327 58.
2145 1273 2400 1340 Segestis
2454 1291 2455 1310 ³

464 1347 637 1396 oratio.
698 1343 933 1408 Segestes
970 1361 1080 1394 cum
1113 1347 1220 1396 suis
1249 1347 1464 1410 benigne
1495 1343 1710 1394 habitus.
1767 1346 1850 1396 59.
1885 1345 2141 1393 Arminius
2175 1345 2230 1391 in
2267 1359 2398 1392 eum

466 1423 513 1462 et
540 1413 791 1463 Romanos
815 1410 1076 1461 invehitur.
1108 1412 1192 1465 60.
1221 1413 1460 1463 Cherusci
1481 1421 1530 1462 et
1555 1414 1640 1462 alii
1661 1415 1837 1480 populi
1855 1413 2115 1464 rebellant.
2149 1411 2396 1461 Bructeri
2456 1447 2457 1458 ³

462 1481 595 1546 fusi..
632 1480 714 1530 61.
744 1477 1061 1528 Monumenta
1101 1480 1256 1529 cladis
1283 1469 1549 1530 Varianae.
1624 1480 1707 1531 62.
1738 1482 1996 1545 Reliquiae
2037 1480 2174 1529 illius
2223 1481 2395 1529 cladis

463 1549 749 1605 tumulatae,
783 1545 1091 1609 improbante
1111 1547 1326 1598 Tiberio.
1381 1549 1465 1600 63.
1497 1549 1676 1614 Pugna
1699 1566 1812 1600 cum
1837 1550 2081 1598 Arminio.
2137 1547 2226 1598 64.
2255 1547 2392 1597 Cae-

467 1619 627 1667 cinam
676 1616 782 1663 loco
821 1613 990 1675 iniquo
1034 1617 1324 1676 aggreditur
1367 1617 1622 1668 Arminius
1661 1618 1983 1683 intrepidum.
2067 1616 2152 1667 65.
2199 1615 2391 1666 Milites

468 1683 787 1735 consternati.
844 1680 1085 1730 Caecinae
1119 1686 1364 1734 somnium
1394 1685 1682 1736 infaustum.
1749 1687 1893 1737 Caesi
1937 1699 2098 1751 paene
2141 1685 2386 1734 Romani.

468 1753 555 1804 66.
609 1751 821 1800 Panicus
858 1756 1017 1799 terror
1067 1761 1345 1811 repressus.
1433 1752 1518 1802 67.
1562 1753 1837 1805 Consilium
1879 1754 2121 1804 Caecinae
2178 1753 2244 1802 de
2305 1769 2390 1801 re-

470 1835 631 1872 cessu.
704 1818 791 1871 68.
832 1817 973 1866 Felix
1018 1816 1230 1880 eruptio,
1279 1813 1630 1870 Germanorum
1675 1824 1858 1873 clades.
1931 1822 2018 1874 69.
2066 1822 2390 1888 Agrippinae

467 1889 635 1940 viriles
682 1901 829 1958 curae
875 1885 1128 1934 Tiberium
1171 1882 1450 1932 offendunt.
1505 1888 1588 1937 70.
1623 1890 1872 1958 Legiones
1902 1900 2045 1941 aestu
2076 1890 2233 1940 maris
2267 1905 2392 1938 cum

465 1958 684 2027 periculo
717 1964 958 2008 revectae.
1036 1954 1121 2005 71.
1155 1950 1442 2019 Segimerus
1470 1953 1522 2001 in
1555 1953 1854 2009 deditionem
1893 1973 2008 2009 acce
2047 1967 2144 2011 mg,
2221 1959 2392 2009 Exer-

476 2030 601 2077 citus
636 2028 817 2075 damna
842 2025 1086 2091 suppleta.
1148 2022 1231 2069 72.
1255 2020 1338 2071 73.
1364 2019 1550 2070 Tiberii
1572 2020 1686 2068 ficta
1708 2028 1965 2079 modestia,
2008 1976 2117 2084 {ex
2143 2028 2394 2077 maiesta-

468 2098 543 2146 tis*
560 2101 791 2144 revocata
830 2101 877 2140 et
913 2094 965 2140 in
1000 2091 1218 2141 minimis
1254 2088 1553 2153 quibusdam
1587 2094 1819 2157 exercita.
1875 2096 2188 2145 Delationum
2223 2097 2394 2161 pestis

470 2164 674 2227 ingruit.
740 2161 823 2208 74.
858 2160 1121 2209 Marcellus
1149 2158 1424 2207 maiestatis
1461 2157 1762 2222 postulatus.
1836 2164 1893 2209 Iu
1933 2178 2048 2213 eum
2077 2164 2152 2212 ira
2193 2164 2396 2213 Tiberii

471 2230 730 2279 incautior.
794 2226 875 2277 75.
911 2227 1095 2276 Tiberii
1142 2226 1432 2275 liberalitas.
1498 2223 1580 2274 76.
1622 2224 1817 2275 Tiberis
1855 2227 2126 2281 inundatio,
2193 2231 2397 2280 Achaia

474 2306 522 2345 et
552 2295 845 2345 Macedonia
878 2291 1084 2343 levatae.
1150 2293 1302 2343 Drusi
1329 2308 1526 2342 munus.
1585 2294 1668 2341 77.
1699 2292 1898 2343 Theatri
1929 2294 2123 2347 licentia
2152 2301 2395 2347 coercita.

474 2364 559 2415 78.
588 2363 846 2428 Templum
888 2362 1123 2426 Augusti.
1172 2360 1469 2413 Centesima.
1536 2362 1621 2411 79.
1665 2362 1746 2410 An
1784 2376 1945 2425 aquae
1989 2360 2154 2412 Tiberi
2197 2366 2402 2416 subdu-

474 2433 679 2483 candae.
749 2429 833 2480 80.
876 2430 1102 2479 Tiberius
1148 2443 1235 2479 cur
1284 2430 1544 2494 praesides
1590 2444 1703 2479 raro
1735 2430 1980 2495 mutarit..
2033 2428 2118 2479 81.
2155 2431 2404 2501 Comitio-

478 2517 588 2551 rum
620 2498 1003 2569 confusalratio.
2223 2506 2237 2519 ·
2371 2506 2428 2569 ρ

576 2569 711 2618 Haec
754 2566 860 2617 fere
888 2565 1088 2616 biennio
1127 2571 1274 2630 gesta
1318 2578 1448 2613 coss.
1483 2562 1602 2614 Sex.
1635 2564 1873 2632 Pompeio
1919 2572 1968 2614 et
2003 2564 2120 2614 Sex.
2157 2564 2410 2629 Apuleio,

476 2638 672 2689 Nerone
705 2634 911 2685 Claudio
940 2635 1103 2683 Druso
1139 2632 1353 2682 Caesare
1383 2637 1430 2679 et
1464 2631 1518 2681 C.
1553 2632 1816 2696 Norbano,
1847 2632 1994 2682 annis
2029 2647 2075 2682 a.
2111 2648 2162 2682 u.
2193 2649 2236 2681 c.
2275 2633 2409 2683 767.

476 2716 525 2756 et
552 2704 690 2763 768.,
725 2706 839 2768 post
872 2702 987 2755 Chr.
1025 2715 1074 2748 n.
1116 2701 1197 2751 14.
1234 2707 1283 2748 et
1316 2698 1398 2749 15.

537 2806 590 2863 1.
640 2802 857 2865 Urbem
886 2803 1123 2863 Romam
1150 2819 1183 2863 a
1202 2790 1495 2879 'principio
1527 2820 1700 2878 reges
1735 2802 2023 2872 habuere;
2067 2801 2412 2862 libertatem

410 2898 469 2949 et
498 2886 852 2946 consulatum
890 2886 951 2945 L.
980 2886 1185 2945 Brutus
1224 2886 1480 2945 instituit.
1555 2886 1870 2946 dictaturae
1913 2886 1985 2946 ad
2025 2895 2254 2964 tempus
2299 2904 2408 2945 su-

408 2969 733 3037 mebantur;
768 2984 955 3048 neque
985 2968 1383 3029 decemviralis
1409 2978 1667 3048 potestas
1693 2970 1840 3031 ultra
1861 2968 2168 3045 biennium,
2201 2987 2414 3048 neque

412 3053 763 3113 tribunorum
784 3053 1019 3113 militum
1053 3052 1356 3113 consulare
1389 3054 1474 3113 ius
1507 3052 1599 3113 diu
1622 3053 1817 3115 valuit.
1871 3069 1988 3113 non
2011 3050 2252 3129 Cinnae,
2282 3070 2412 3113 non

282 3154 306 3163 ··
362 3151 393 3227 ⁵·
412 3136 607 3196 Sullae
649 3134 821 3212 longa
867 3136 1204 3206 dominatio;
1255 3147 1311 3198 et
1351 3137 1588 3215 Pompei
1631 3135 1942 3214 Crassique
1985 3138 2245 3215 potentia
2279 3140 2410 3196 cito

414 3222 471 3278 in
506 3218 837 3292 Caesarem,
874 3218 1073 3299 Lepidi
1103 3229 1275 3298 atque
1309 3220 1538 3281 Antonii
1571 3238 1726 3280 arma
1757 3222 1812 3279 in
1843 3219 2160 3297 Augustum
2195 3238 2408 3279 cesse-

412 3320 499 3378 re,
536 3304 630 3380 qui
663 3312 865 3364 cuncta
890 3303 1191 3364 discordiis
1222 3303 1486 3363 civilibus
1516 3302 1673 3363 fessa
1705 3304 1932 3363 nomine
1978 3305 2256 3382 principis
2291 3304 2408 3363 sub
2439 3308 2456 3320 ⁵

413 3386 706 3463 imperium
736 3388 983 3465 accepit.
1042 3387 1147 3447 sed
1188 3388 1405 3447 veteris
1446 3386 1645 3467 populi
1686 3387 1926 3448 R'omani
1968 3405 2256 3465 prospera
2301 3388 2406 3447 vel

414 3466 657 3529 adversa
696 3468 866 3531 claris
912 3470 1290 3550 scriptoribus
1341 3480 1651 3532 memorata
1710 3480 1868 3541 sunt3
1918 3470 2408 3549 temporibusque
