2475 4000
400 160 529 222 110,
927 166 1256 215 CORNELH
1298 168 1535 214 TAcrrr
1575 169 1940 216 ANNALIUM

398 323 577 399 Pauli,
613 321 859 381 Aemilia
886 329 1268 397 monumenta,
1303 322 1537 401 propria
1573 323 1817 400 pecunia
1850 325 2102 382 firmaret
2127 333 2403 383 ornaret·

402 425 533 485 que.
591 413 715 464 erat
745 408 913 465 etiam
942 415 1057 485 tum
1088 407 1144 465 in
1169 423 1330 464 more
1355 406 1581 484 publica
1607 407 2019 475 munificentia;
2055 425 2164 466 nec
2192 408 2400 484 Augu-

276 487 317 528 -’
401 499 522 549 stus
550 498 813 550 arcuerat
860 490 1135 564 Taurum,
1190 490 1544 570 Philippum,
1588 487 1822 550 Balbum
1863 491 2108 551 hostiles
2150 494 2404 551 exuvias

358 584 494 634 saut
522 573 859 634 exundantis
890 591 1035 653 opes
1081 583 1340 633 ornatum
1385 573 1456 634 ad
1501 573 1658 633 urbis
1701 584 1760 634 et
1799 584 2097 654 posterum
2141 576 2402 652 gloriam

402 659 688 718 conferre.
776 675 887 734 quo
930 667 1043 716 tum
1090 656 1360 736 exemplo
1401 657 1682 737 Lepidus,
1727 677 2066 738 quamquam
2107 662 2402 738 pecuniae

398 742 686 817 modicuS,
735 743 943 800 avitum
992 741 1169 800 decus
1213 741 1481 800 recoluit.
1519 751 1610 800 ,at
1655 743 1891 820 Pompei
1936 744 2226 803 theatrum
2262 746 2402 820 igne

398 827 633 885 fortuito
662 822 919 884 haustum
956 824 1171 892 Caesar
1208 833 1594 884 extructurum
1625 826 1917 904 pollicitus
1961 837 2080 904 est,
2123 845 2204 887 eo
2241 829 2400 906 quod

398 927 565 969 nemo
603 929 636 969 e
666 908 877 968 familia
910 909 1284 968 restaurando
1313 909 1626 986 sufficeret,
1659 919 1923 970 manente*
1945 919 2135 971 tamen
2155 914 2398 970 nomine

301 1003 381 1046 *10
400 995 655 1072 Pompei.
728 991 889 1052 simul
928 991 1190 1052 laudibu's
1233 994 1498 1052 Seianum
1549 994 1786 1071 extulit,
1837 1004 2123 1072 tamquam
2184 995 2398 1055 labore

354 1136 360 1141 ,
398 1077 805 1154 vigilantiaque
837 1078 959 1136 eius
989 1085 1143 1137 tanta
1176 1079 1263 1136 vis
1301 1095 1468 1136 unum
1509 1077 1654 1138 intra
1693 1078 1950 1138 damnum
1993 1081 2281 1146 stetisset.
2343 1088 2398 1138 et

400 1179 684 1236 censuere
724 1170 921 1238 patres
965 1161 1217 1237 effigiem
1264 1162 1508 1236 Seiano,
1554 1180 1701 1239 quae
1740 1162 1888 1241 apud
1917 1163 2198 1222 theatrum
2224 1163 2393 1222 Pom-

400 1247 497 1323 pei
526 1245 833 1306 locaretur.
881 1255 1076 1322 neque*
1098 1245 1276 1304 multo
1305 1254 1436 1322 post
1459 1243 1692 1322 Caesar,
1729 1265 1853 1304 cum
1876 1244 2094 1306 Iunium
2118 1247 2396 1306 Blaesum

401 1347 509 1406 pro
543 1328 778 1387 consule
809 1328 1043 1387 Africae
1073 1327 1338 1406 triumphi
1369 1329 1684 1404 insignibus
1718 1331 2028 1408 attolleret,
2061 1331 2196 1390 dare
2234 1331 2292 1389 id
2323 1349 2392 1388 se

333 1426 381 1464 15
404 1412 542 1470 dixit
570 1411 773 1470 honori
806 1412 1015 1487 Seiani,
1055 1413 1213 1471 cuius
1241 1411 1340 1471 ille
1373 1413 1686 1473 avunculus
1723 1423 1863 1474 erat.
1940 1433 2009 1474 ac
2056 1424 2247 1476 tamen
2289 1433 2392 1473 res

396 1493 587 1552 Blaesi
620 1492 826 1569 dignae
858 1493 1073 1553 decore
1104 1494 1201 1553 tali
1236 1496 1418 1554 fuere.

526 1576 625 1637 73.
668 1576 812 1635 Nam
846 1575 1211 1655 TacfarinaS,
1251 1595 1584 1657 quamquam
1615 1581 1846 1658 saepius
1877 1581 2184 1661 depulsus,
2218 1600 2388 1660 repa-

397 1663 533 1721 ratis
563 1679 670 1738 per
696 1661 886 1718 intima
919 1659 1155 1720 Africae
1182 1661 1407 1721 auxiliis
1446 1662 1556 1722 huc
1597 1663 1971 1742 adrogantiae
2011 1675 2288 1742 venerat,
2335 1674 2392 1723 ut

398 1747 627 1820 legatos
662 1743 733 1803 ad
763 1743 1053 1804 Tiberium
1082 1746 1330 1804 mitteret
1357 1746 1669 1824 sedemque
1702 1749 1851 1810 ultro
1887 1750 1993 1809 sibi
2017 1760 2190 1831 atque
2219 1769 2386 1808 exer·

302 1823 313 1838 ⁸
399 1829 531 1888 citui
581 1845 685 1887 suo
742 1827 1087 1906 postularet,
1143 1838 1239 1888 aut
1279 1828 1492 1889 bellum
1553 1832 1962 1911 inexplicabile
2011 1836 2383 1892 minitaretur.

350 1926 375 1965 5
398 1929 514 1972 non
538 1912 682 1972 alias
710 1913 893 1988 magis
926 1931 1028 1972 sua
1058 1913 1371 1991 populique
1398 1914 1640 1974 Romani
1683 1918 2024 1978 contumelia
2067 1917 2386 1976 indoluisse

398 1994 711 2057 Caesarem
731 1996 942 2073 ferunt,
970 2015 1133 2076 quam
1160 1998 1312 2077 quod
1335 1998 1598 2058 desertor
1627 2009 1684 2059 et
1709 2004 1926 2080 praedo
1949 2002 2384 2086 hostiumrnore

397 2090 615 2158 ageret.
705 2099 778 2139 ne
830 2080 1109 2159 Spartaco
1169 2082 1394 2161 quidem
1448 2092 1582 2161 post
1629 2093 1716 2143 tot
1767 2086 2149 2145 consularium
2210 2105 2380 2145 exer·

398 2167 603 2223 cituum
636 2163 829 2223 clades
857 2165 1089 2225 inultam
1119 2164 1338 2227 Italiam
1377 2169 1591 2243 urenti,
1636 2186 1971 2248 quamquam
2009 2172 2254 2229 Sertorii
2301 2179 2381 2228 at-

292 2260 299 2274 ‘
397 2266 506 2325 que
536 2247 871 2307 Mithridatis
899 2249 1222 2326 ingentibus
1267 2250 1439 2310 bellis
1483 2250 1704 2311 labaret
1743 2271 1841 2311 res
1885 2253 2148 2332 publica,
2193 2254 2382 2314 datum

328 2348 376 2387 10
398 2339 455 2389 ut
498 2340 669 2409 pacto
714 2332 770 2390 in
815 2331 982 2392 iidem
1036 2336 1428 2413 acciperetur;
1484 2334 1688 2395 nedum
1740 2336 2128 2415 pulcherrimo
2177 2337 2383 2416 populi

393 2414 632 2475 Romani
666 2415 897 2492 fastigio
929 2418 1077 2478 latro
1116 2418 1450 2478 Tacfarinas
1493 2437 1639 2495 pace
1681 2430 1738 2479 et
1780 2424 2158 2480 concessione
2198 2438 2377 2496 agro-

391 2517 513 2557 rum
545 2499 937 2559 redimeretur.
1008 2501 1101 2560 dat
1136 2504 1428 2576 negotium
1473 2502 1711 2579 Blaeso,
1757 2513 1990 2565 ceteros
2031 2504 2252 2583 quidem
2303 2503 2382 2563 ad

326 2623 331 2628 -
393 2602 556 2661 spem
588 2584 903 2662 proliceret
932 2602 1085 2643 arma
1120 2586 1243 2641 sine
1273 2602 1425 2643 noxa
1455 2588 1736 2663 ponendi,
1770 2589 1951 2666 ipsius
1983 2600 2168 2649 autem
2213 2588 2379 2647 ducis

395 2674 627 2745 quoquo
676 2667 847 2726 modo
906 2676 1220 2745 poteretur.
1320 2675 1376 2749 et
1433 2673 1656 2749 recepti
1729 2688 1798 2731 ea
1857 2674 2025 2732 venia
2093 2673 2378 2751 plerique.

324 2760 371 2799 15
390 2768 523 2811 mox
559 2751 858 2811 adversum
902 2759 1055 2809 artes
1096 2745 1468 2825 Tacfarinatis
1515 2752 1663 2814 haud
1705 2751 1958 2815 dissimili
2002 2756 2174 2816 modo
2213 2755 2378 2815 belli-

391 2844 669 2909 geratum.
1127 2850 1131 2856 ·

518 2920 614 2979 74.
658 2917 800 2977 Nam
831 2916 961 2993 quia
992 2914 1089 2974 ille
1121 2916 1338 2976 robore
1369 2922 1658 2979 exercitus
1687 2924 1868 3001 inpar,
1895 2922 2122 2983 furandi
2145 2922 2374 2998 melior,

394 3000 571 3078 pluris
612 3018 721 3079 per
758 2998 978 3076 globos.
1016 3000 1336 3061 incursaret
1379 3002 1757 3084 eluderetque
1808 3016 1866 3065 et
1914 3006 2147 3067 insidias
2212 3008 2376 3066 simul

391 3093 725 3162 temptaret,
758 3092 877 3142 tres
922 3082 1198 3161 incessus,
1238 3086 1474 3147 totidem
1505 3091 1727 3164 agmina
1760 3101 2049 3169 parantur.
2131 3108 2210 3150 ex
2243 3094 2378 3168 quis

392 3166 695 3229 Cornelius
727 3166 924 3243 Scipio
959 3165 1183 3243 legatus
1215 3170 1463 3247 praefuit
1494 3188 1603 3250 qua
1632 3173 1927 3251 praedatio
1957 3177 2014 3234 in
2033 3175 2374 3253 Leptitanos

344 3271 367 3309 5
392 3260 449 3309 et
490 3252 731 3328 suffugia
776 3246 1195 3322 Garamantum
1261 3253 1373 3313 alio
1429 3254 1639 3332 latere,
1701 3276 1774 3315 ne
1831 3256 2174 3319 Cirtensium
2232 3260 2376 3337 pagi

389 3336 612 3413 impune
661 3334 1047 3412 traherentur,
1104 3338 1395 3414 propriam
1446 3354 1665 3399 manum
1711 3336 1954 3401 Blaesus
1994 3342 2146 3401 filius
2191 3340 2370 3400 duxit.

389 3418 575 3477 medio
606 3435 731 3477 cum
759 3418 1031 3496 delectis,
1066 3420 1304 3480 castella
1356 3430 1414 3479 et
1450 3423 1790 3484 munitiones
1829 3426 2054 3486 idoneis
2098 3425 2242 3484 locis
2289 3426 2372 3483 in-
