2475 4000
671 244 881 289 menn
921 244 996 291 11.
1032 196 1190 319 0111».
1229 242 1495 295 61-66,
2000 232 2080 291 69

213 400 316 459 64.
360 397 538 457 Simul
577 398 829 457 nuntiato
875 416 1077 474 regem
1130 398 1406 457 Artaxian
1453 399 1736 459 Armeniis
1780 418 1811 458 a
1850 398 2078 457 Germa·

67 486 220 544 nico
280 482 500 557 datum,
547 481 864 556 decrevere
907 491 1104 559 patres
1147 490 1210 539 ut
1238 481 1609 541 Germanicus
1649 466 1816 559 atque
1860 482 2079 538 Drusus

69 576 334 627 ovantes
370 565 568 625 urbem
606 566 922 623 introirent.
977 566 1174 623 structi
1215 574 1273 623 et
1308 582 1473 623 arcus
1509 566 1721 623 circum
1746 565 1925 640 latera
1939 572 2077 621 tem-

65 652 162 732 pli
208 651 408 711 Martis
449 650 668 709 Ultoris
715 666 841 707 cum
883 648 1080 724 effigie
1132 645 1475 725 Caesarum,
1539 648 1783 707 laetiore
1823 646 2077 721 Tiberio,

68 737 218 815 quia
264 751 467 812 pacem
506 734 784 811 sapientia
825 733 1180 809 firmaverat,
1232 750 1399 809 quam
1441 734 1490 792 si
1531 731 1744 792 bellum
1787 747 1891 808 per
1924 731 2079 788 acies
2102 762 2125 799 5
2232 755 2245 759 ·

67 818 459 881 confecisset.
533 819 703 893 igitur
739 814 1156 893 Rhescuporim
1200 831 1463 893 quoque,
1507 814 1825 875 Thraeciae
1852 830 2081 889 regem,

66 912 212 963 astu
259 900 610 977 adgreditur.
675 916 895 958 omnem
929 916 1054 959 eam
1093 898 1857 959 nationemRhoemetalces
1885 906 2081 955 tenue-

64 997 202 1055 rat;
254 1002 368 1063 quo
413 984 683 1044 defuncto
713 982 1006 1059 Augustus
1047 992 1267 1061 partem
1300 982 1620 1042 Thraecum
1654 979 2082 1058 Rhescuporidi

63 1071 248 1132 fratri
280 1070 434 1144 eiuS,
477 1077 696 1146 partem
739 1067 858 1125 filio
891 1065 1060 1141 Cotyi
1092 1068 1367 1144 permisit.
1438 1070 1495 1125 in
1530 1086 1599 1127 ea
1629 1066 1909 1128 divisione
1944 1081 2082 1123 arva

65 1164 133 1215 et
174 1153 354 1212 urbes
380 1162 438 1211 et
465 1152 649 1210 vicina
681 1149 918 1210 Graecis
951 1148 1151 1226 Cotyi,
1204 1149 1697 1227 quod'incultum,
1740 1149 1937 1224 ferox,
1982 1148 2077 1207 ad·
2101 1165 2150 1208 10

63 1256 294 1299 nexum
325 1235 623 1312 hostibus,
667 1233 1088 1312 Rhescuporidi
1119 1234 1325 1293 cessit:
1368 1236 1739 1313 ipsorumque
1769 1249 1972 1308 regum
2000 1233 2080 1291 in·

64 1325 256 1401 genia
276 1366 292 1397 ,
325 1320 406 1379 illi
436 1322 568 1379 mite
599 1328 658 1378 et
691 1334 1020 1395 amoenum,
1051 1318 1182 1377 huic
1207 1325 1408 1394 atrox,
1442 1318 1665 1377 avidum
1698 1326 1755 1377 et
1787 1316 2080 1375 societatis

61 1406 370 1485 inpatiens
419 1410 560 1462 erat.
651 1402 756 1461 sed
811 1403 992 1479 primo
1027 1400 1268 1461 subdola
1312 1402 1625 1461 concordia
1679 1419 1889 1477 egere:
1945 1418 2079 1459 mox

59 1488 481 1566 Rhescuporis
509 1486 709 1561 egredi
733 1486 908 1562 lineS,
934 1480 1162 1545 vertere
1186 1487 1243 1544 in
1266 1504 1331 1545 se
1357 1484 1525 1561 Cotyi
1556 1486 1682 1545 data
1712 1494 1769 1544 et
1790 1484 2080 1543 resistenti

63 1579 200 1634 vim
233 1572 464 1647 facere,
511 1578 844 1629 cunctanter
874 1568 976 1628 sub
1004 1570 1302 1647 Augusto,
1346 1588 1515 1649 quem
1548 1579 1842 1630 auctorem
1874 1569 2148 1632 utrius-15

64 1676 199 1737 que
233 1658 432 1732 regni,
463 1656 512 1713 si
545 1652 946 1733 sperneretur,
977 1653 1260 1713 vindicem
1290 1654 1598 1713 metuebat.
1662 1655 1954 1713 enimvero
1986 1670 2079 1710 au-

62 1744 201 1802 dita
248 1741 559 1799 mutatione
605 1738 881 1817 principis
923 1738 1204 1798 inmittere
1255 1738 1538 1801 latronum
1578 1738 1824 1814 glob03,
1886 1737 2078 1795 excin-

62 1826 224 1885 dere
258 1824 527 1900 castella,
560 1840 760 1881 causas
791 1820 968 1880 bello,
1442 1890 1454 1897 -
1996 1886 2000 1895 ¹

213 1907 313 1968 65.
345 1907 498 1967 Nihil
529 1924 710 1984 aeque
743 1905 1033 1965 Tiberium
1063 1906 1288 1964 anxium
1320 1903 1572 1963 habebat
1616 1920 1782 1980 quam
1831 1917 1903 1959 ne
1946 1920 2079 1959 con-

61 1993 274 2074 posita
297 1990 678 2051 turbarentur.
729 1989 930 2066 deligit
959 1991 1383 2062 centurionem,
1420 1989 1515 2064 qui
1539 1987 1825 2046 nuntiaret
1846 1984 2082 2060 regibus

61 2096 156 2136 ne
195 2077 364 2134 armis
398 2075 818 2152 disceptarent;
863 2077 1163 2150 statimque
1197 2090 1229 2131 a
1265 2069 1453 2146 Cotye
1488 2070 1719 2130 dimissa
1763 2077 1889 2128 sunt
1936 2086 2082 2145 quae

59 2166 397 2242 paraverat
441 2157 665 2216 auxilia.
738 2156 1135 2234 Rhescuporis
1177 2157 1309 2214 ficta
1342 2155 1622 2216 modestia
1664 2153 1914 2232 postulat
1949 2169 2082 2211 eun-

59 2245 217 2304 dem
271 2241 328 2298 in
381 2239 578 2296 ‘loc-uin
619 2241 902 2298 coiretur:
961 2256 1140 2317 posse
1198 2238 1269 2298 de
1317 2241 1728 2298 controversiis
1772 2237 2127 2314 conloquio5

57 2324 348 2398 transigi.
426 2339 537 2380 nec
583 2321 675 2380 diu
717 2322 1026 2382 dubit-atum
1055 2322 1126 2380 de
1143 2333 1455 2401 tempore,
1498 2323 1665 2399 loco,
1718 2323 1847 2382 dein
1886 2321 2080 2380 condi-

70 2406 381 2482 cionibus,
419 2423 546 2464 cum
569 2405 714 2464 alter
734 2405 1040 2482 facilitate,
1067 2405 1212 2466 alter
1233 2406 1435 2467 fraude
1460 2415 1665 2467 cuncta
1689 2408 1834 2465 inter
1858 2423 1923 2463 se
1948 2422 2080 2463 con-

75 2491 368 2552 cederent
405 2491 874 2568 acciperentque.
937 2490 1337 2569 Rhescuporis
1378 2490 1724 2566 sanciendO,
1769 2497 1829 2546 ut
1866 2488 2081 2559 dictita—

70 2577 214 2650 bat,
263 2573 492 2632 foederi
531 2575 856 2632 convivium
895 2574 1097 2651 adicit,
1139 2585 1437 2653 tractaque
1480 2578 1537 2634 in
1583 2574 1813 2633 multam
1854 2580 2083 2630 noctem

71 2659 300 2719 laetitia
336 2664 446 2736 pe'r
487 2656 688 2734 epulas
735 2675 802 2716 ac
841 2657 1206 2720 vinolentiam
1246 2662 1529 2720 incautum
1566 2657 1752 2733 Cotyn
1788 2665 1875 2730 et,
1921 2663 2173 2742 post-10N

77 2759 257 2820 quam
282 2741 472 2800 dolum
503 2740 901 2822 intellexerat,
935 2759 1097 2801 sacra
1126 2743 1325 2819 regni,
1358 2743 1613 2803 eiusdem
1647 2741 1897 2802 familiae
1940 2739 2082 2798 deos

77 2835 144 2885 et
185 2824 491 2903 hospitalis
539 2841 767 2884 mensas
805 2822 1183 2885 obtestantem
1224 2830 1443 2886 catenis
1480 2835 1698 2887 onerat.
1770 2824 2080 2886 Thraecia·

81 2928 202 2987 que
246 2911 394 2968 omni
443 2910 656 2987 potitus
705 2908 937 2985 scripsit
977 2907 1048 2968 ad
1077 2909 1365 2970 Tiberium
1406 2919 1651 2971 structas
1684 2909 1793 2968 sibi
1826 2907 2079 2982 insidias,

79 3003 463 3071 praeventum
504 2992 924 3061 insidiatorem;
985 2993 1148 3052 simul
1193 2992 1407 3053 bellum
1452 2995 1730 3056 adversus
1770 2991 2082 3053 Basternas

75 3075 450 3154 Scythasque
510 3076 896 3154 praetendens
952 3076 1118 3134 novis
1173 3077 1424 3154 peditum
1483 3088 1541 3138 et
1591 3079 1840 3156 equitum
1897 3077 2081 3153 copiis
2102 3097 2152 3138 15

77 3177 220 3220 sese
255 3158 530 3219 firmabat.
605 3160 860 3220 molliter
888 3159 1269 3240 rescriptum,
1312 3163 1360 3220 si
1401 3161 1557 3221 fraus
1600 3161 1860 3238 abesset,
1904 3177 2083 3240 posse

80 3262 214 3303 eum
241 3243 608 3303 innocentiae
647 3244 862 3312 lidere3
903 3251 1368 3324 ceterumneque
1390 3263 1455 3304 se
1486 3262 1676 3322 neque
1702 3254 1959 3303 senatum
1975 3243 2084 3302 nisi

79 3327 320 3404 cognita
371 3344 544 3387 causa
595 3329 684 3387 ius
741 3335 799 3386 et
843 3327 1097 3386 iniuriam
1141 3327 1526 3388 discreturos:
1586 3327 1828 3407 proinde
1874 3327 2083 3388 tradito

79 3409 274 3485 Cotye
307 3412 530 3469 veniret
557 3411 1012 3489 transferretque
1048 3412 1315 3472 invidiam
1349 3413 1617 3476 criminis.
1837 3419 1846 3425 ’

209 3493 311 3558 66.
359 3493 477 3554 Eas
521 3493 720 3584 literas
765 3493 1014 3554 Latinius
1055 3494 1317 3556 Pandusa
1360 3515 1467 3576 pro
1520 3505 1791 3576 praetore
1824 3495 2083 3556 Moesiae
