2475 4000
2068 137 2228 164 ,χ,

340 193 461 254 280
627 270 635 288 ,
842 202 1173 250 connnnn
1201 201 1436 249 'mmm-1
1457 201 1819 249 ANNALIUM

340 361 484 417 iusta
515 355 753 422 ultione.
812 365 872 416 et
915 356 1167 417 modicis
1186 355 1458 414 remediis
1488 353 1705 434 primos
1733 361 1923 412 motus
1955 351 2354 412 consedisse:

265 545 319 584 25
338 441 819 584 ἓέιεῃίΐξεθερθιειιῐ
848 458 1089 500 uxorem
1120 439 1373 509 Neronis
1411 439 1540 500 fore
1568 437 1892 514 Octaviam,
1935 436 2021 496 illi
2069 437 2360 496 maritum

466 636 565 697 62.
619 638 827 696 Varius
871 655 1062 697 sermo
1106 646 1163 696 e't
1218 637 1290 696 ad
1343 643 1548 696 metum
1590 636 1953 712 atque'iram
2003 651 2358 694 accommo-

344 723 505 783 datus
546 723 751 780 terruit
795 719 959 779 simul
1003 720 1324 781 audientem
1363 728 1420 780 et
1460 719 1740 779 accendit.
1801 717 1904 777 sed
1937 735 2137 796 parum
2173 719 2356 777 vale-

342 807 438 866 bat
470 806 711 884 suspitio
756 805 814 862 in
848 821 1027 864 servo
1064 813 1131 863 et
1174 803 1606 882 quaestiouibus
1636 801 1968 862 ancillarum
1997 801 2157 860 elusa
2188 811 2356 861 erat.

344 907 488 968 ergo
522 889 951 948 confessionem
982 887 1219 946 alicuius
1255 887 1455 966 quaeri
1484 887 1710 966 placet,
1755 887 1844 945 cui
1874 904 2064 945 rerum
2099 902 2358 963 quoque

290 997 315 1034 5
342 991 617 1035 novarum
669 973 883 1030 crimen
934 971 1344 1048 adfingeretur.
1415 980 1474 1031 et
1528 973 1686 1030 visus
1743 969 1984 1028 idoneus
2039 978 2356 1030 maternae

342 1060 501 1118 necis
531 1063 789 1135 patrator
818 1055 1126 1132 AnicetuS,
1162 1055 1333 1116 classi
1366 1054 1515 1133 apud
1545 1054 1856 1130 Misenum,
1907 1063 1968 1112 ut
1997 1055 2352 1128 memoravi,

344 1141 702 1222 praefectuS,
746 1138 863 1198 levi
902 1149 1035 1217 post
1066 1139 1370 1198 admissum
1401 1139 1594 1198 scelus
1623 1140 1840 1214 gratia,
1882 1136 2016 1196 dein
2057 1139 2350 1215 graviore

343 1226 511 1301 odio,
567 1225 699 1302 quia
742 1223 1020 1282 malorum
1060 1224 1376 1283 facinorum
1419 1223 1661 1282 ministri
1702 1223 1866 1300 quasi
1909 1221 2354 1299 exprobrantes

343 1308 709 1392 aspiciuntur.
770 1307 943 1383 igitur
986 1308 1227 1366 accitum
1283 1326 1410 1366 eum
1452 1305 1670 1366 Caesar
1723 1323 1945 1383 operae
1985 1305 2209 1382 prioris
2243 1304 2350 1363 ad-

276 1409 323 1448 10
343 1400 563 1452 monet:
628 1390 814 1449 solum
875 1391 1248 1450 incolumitati
1295 1391 1572 1468 principis
1633 1389 1908 1448 adversus
1974 1388 2350 1464 insidiantem

344 1483 579 1532 matrem
620 1473 992 1543 subvenisse;
1040 1475 1230 1534 locum
1273 1473 1422 1534 haud
1462 1475 1695 1533 minoris
1739 1475 1961 1550 gratiae
1992 1475 2248 1547 instare,
2296 1471 2349 1530 si

346 1559 649 1632 coniugem
693 1555 971 1614 infensam
1018 1557 1361 1635 depelleret.
1426 1575 1536 1616 nec
1565 1575 1730 1616 manu
1759 1567 1852 1616 aut
1882 1556 2001 1614 telo
2036 1574 2218 1634 opus:
2261 1557 2345 1614 fa·

342 1649 557 1700 teretur
610 1636 886 1699 Octaviae
940 1639 1298 1700 adulterium.
1367 1641 1594 1700 occulta
1645 1641 1874 1719 quidem
1928 1639 2000 1698 ad
2055 1658 2350 1719 praesens

344 1724 449 1784 sed
480 1740 683 1798 magna
716 1724 769 1781 ei
804 1725 1055 1800 praemia
1086 1734 1143 1783 et
1172 1742 1446 1783 secessus
1478 1742 1750 1784 amoenos
1784 1725 2091 1802 promittit,
2123 1723 2262 1800 vel,
2297 1725 2348 1781 si

278 1827 324 1865 15
346 1807 701 1884 negavisset,
732 1824 935 1866 necem
966 1810 1221 1868 intentat.
1275 1807 1374 1866 ille
1419 1809 1584 1868 insita
1617 1806 1924 1868 vaecordia
1973 1817 2028 1867 et
2058 1807 2346 1867 facilitate

347 1893 595 1969 priorum
625 1890 1002 1968 flagitiorum,
1049 1891 1213 1969 plura
1259 1893 1426 1950 etiam
1456 1909 1620 1970 quam
1658 1895 1874 1953 iussum
1906 1900 2031 1950 erat
2059 1891 2226 1967 fingit
2259 1891 2345 1949 fa·

344 1984 603 2053 teturque
647 1975 799 2053 apud
842 1976 1091 2052 amicOS,
1140 1993 1285 2055 quos
1329 1976 1487 2036 velut
1529 1976 1771 2035 consilio
1817 1970 2156 2035 adhibuerat
2187 1977 2344 2055 prin-

346 2078 508 2138 cepS.
564 2067 677 2117 tum
705 2062 761 2117 in
791 2060 1106 2119 Sardiniam
1136 2060 1391 2139 pellitur,
1434 2054 1528 2119 ubi
1562 2077 1676 2119 non
1717 2062 1889 2138 inops
1923 2059 2154 2119 exilium
2192 2059 2346 2118 tole·

346 2144 490 2202 ravit
520 2152 577 2201 et
610 2142 729 2201 fato
765 2140 923 2203 obiit.

474 2266 573 2327 63.
616 2268 695 2327 At
726 2268 887 2329 Nero
921 2272 1280 2349 praefectum
1321 2272 1378 2329 in
1421 2264 1585 2349 spem
1615 2268 1928 2329 sociandae
1962 2267 2170 2327 classis
2207 2286 2342 2327 cor·

346 2358 599 2429 ruptum,
646 2361 705 2410 et
736 2354 1029 2413 incusatae
1060 2355 1232 2433 paulo
1273 2358 1404 2413 ante
1445 2354 1762 2413 sterilitatis
1799 2351 2050 2427 oblitus,
2095 2350 2347 2413 abactos

348 2444 542 2511 partus
571 2434 1280 2515 conscientiajibidinum,
1313 2454 1501 2513 eaque
1531 2436 1641 2494 sibi
1671 2444 1969 2512 comperta
1997 2434 2194 2493 edicto
2222 2452 2345 2492 me-

345 2528 529 2579 morat
574 2520 873 2596 insulaque
896 2520 1237 2579 Pandataria
1273 2519 1566 2579 Octaviam
1607 2518 1842 2577 claudit.
1875 2566 1880 2571 .
1907 2533 2024 2576 non
2057 2516 2170 2576 alia
2203 2516 2346 2575 exul

238 2644 241 2650 .
295 2618 318 2654 5
346 2604 645 2661 visentium
702 2602 907 2661 oculos
958 2605 1174 2663 maiore
1224 2602 1624 2663 misericor-'dia
1679 2601 1914 2662 adfecit.
1965 2602 2348 2672 meminerant

345 2685 529 2744 adhuc
586 2685 810 2763 quidam
854 2686 1214 2765 Agrippinae
1266 2704 1298 2745 a
1340 2684 1601 2763 Tiberin,
1651 2686 1946 2745 recentior
1973 2682 2170 2743 Iuliae
2223 2702 2342 2741 me-

344 2770 526 2827 moria
558 2768 975 2829 obversabatur
1010 2788 1042 2828 a
1078 2768 1315 2829 Claudio
1350 2770 1584 2847 pulsae:
1641 2768 1746 2828 sed
1785 2768 1900 2828 illis
1925 2767 2108 2827 robur
2135 2768 2344 2827 aetatis

308 2866 323 2885 ‘
347 2852 635 2920 adsueram
676 2851 831 2911 laeta
874 2853 1065 2931 aliqua
1091 2853 1354 2912 viderant
1394 2862 1456 2913 et
1488 2862 1855 2933 praesentem
1889 2853 2190 2911 saevitiam
2223 2868 2341 2909 me-

260 2968 268 2973 «
346 2936 511 2996 lieris
560 2934 695 2995 oiim
732 2936 999 2995 fortunae
1035 2936 1458 2997 ‘recordatione
1502 2936 1864 2997 adlevabant.
1921 2934 2058 2995 huic
2095 2936 2344 3013 primum

279 3033 326 3073 1⁰
344 3020 661 3096 nuptiarum
700 3019 825 3078 dies
866 3019 1001 3079 loco
1044 3020 1264 3079 funeris
1303 3020 1438 3095 fnit,
1488 3020 1766 3080 deductae
1795 3022 1852 3079 in
1887 3015 2114 3079 domum
2143 3020 2203 3077 in
2233 3036 2344 3097 qua
2403 3030 2416 3043 ¹

346 3103 483 3162 nihil
522 3102 630 3162 nisi
672 3101 991 3163 luctuosum
1028 3102 1300 3179 haberet,
1353 3104 1570 3183 erepto
1605 3122 1712 3181 per
1758 3120 2040 3164 venenum
2078 3111 2248 3180 patre
2289 3110 2344 3160 et

346 3187 534 3245 statim
562 3187 769 3255 fratre;
824 3197 939 3266 tum
982 3188 1188 3247 ancilla
1230 3186 1456 3248 domina
1501 3187 1746 3248 validior
1789 3196 1847 3247 et
1896 3187 2172 3264 Poppaea
2231 3204 2344 3244 non

344 3270 453 3328 nisi
484 3271 540 3327 in
572 3273 889 3347 perniciem
918 3258 1117 3331 uxoris
1151 3278 1357 3349 nupta,
1387 3280 1700 3351 postremo
1729 3273 1946 3332 crimen
1977 3272 2130 3353 omni
2161 3272 2342 3331 exitio

345 3353 599 3427 gravius.

472 3450 572 3509 64.
616 3450 725 3539 Acx
749 3452 942 3532 puella
982 3454 1298 3514 vicensimo
1341 3454 1544 3515 aetatis
1589 3472 1738 3515 anno
1775 3455 1929 3515 inter
1968 3456 2342 3516 centuriones
