2475 4000
699 229 1232 282 COMMENTARIUS
1267 234 1594 285 emmens.
1984 241 2155 290 xmx

195 422 202 428 ·
291 383 407 460 33,
448 397 482 450 3
515 389 800 446 cecinerat
837 395 931 445 aut
969 391 1317 446 iuvenalibus
1346 391 1445 447 He.
1478 387 1488 464 Ι
1538 401 1571 454 6
1599 398 1971 468 transgressis
2021 397 2033 476 Ι
2084 399 2155 460 10

117 477 265 531 fama
296 472 507 530 ciuerat
545 471 554 551 Ι
595 471 710 543 34,
743 483 774 534 1
801 473 1140 528 arbitrantur
1161 513 1178 542 ,
1208 489 1309 528 em.
1330 474 1384 529 R
1422 470 1431 552 Ι
1472 484 1533 535 11
1565 495 1633 532 eo
1664 497 1837 551 usque
1868 483 2079 540 evaluit
2099 484 2151 539 Α

291 553 399 627 35,
439 563 474 615 4
515 559 750 615 abavum
797 557 1041 627 Ruperti
1081 553 1169 632 (in
1213 572 1299 629 ep.
1338 561 1415 612 60
1454 560 1531 612 ad
1563 561 1843 634 Reines.).·
1884 557 2144 641 atauum'

121 641 291 696 iussis
309 647 328 695 :¹
360 642 576 698 inmissi
619 643 708 696 Bz
735 641 1025 696 admodum
1053 631 1415 712 probabiliter
1465 635 1475 719 Ι
1525 649 1557 702 6
1601 643 1729 712 quin
1760 662 1879 702 eum
1906 649 1963 704 in
1990 650 2147 707 villis

118 725 192 779 R.
229 723 471 796 Seyffert
501 721 633 799 (sed
657 727 774 781 sine
813 719 994 797 eum):
1042 724 1134 794 qui
1169 741 1238 780 ne
1268 725 1547 781 innobiles
1575 723 1744 800 (quin
1779 743 1899 784 eum
1924 733 2145 788 nobiles

111 809 200 877 R,
232 808 361 879 quin
401 825 524 864 eum
558 810 793 866 libertos
823 804 1137 879 Baepontim')
1191 802 1202 886 Ι
1250 815 1287 868 9
1318 809 1643 880 abrectique
1694 803 1705 884 Ι
1756 817 1825 868 10
1865 811 2147 870 intercidit

111 891 307 962 Zumpt
335 892 413 946 ad
451 893 600 949 Curt.
628 909 693 962 p.
733 897 865 961 138,
907 897 966 946 ul
1007 898 1090 946 est
1131 898 1230 961 16,
1262 898 1331 952 14
1364 898 1417 946 et
1444 895 1501 946 in
1530 893 1677 948 Ptin.
1711 891 1782 947 Ν.
1813 893 1889 946 Η.
1918 894 2025 978 ΙΧΙ,
2058 901 2149 966 37,

108 973 167 1047 §.
207 981 330 1035 174.
393 975 468 1030 At
491 977 633 1031 dixit
663 975 884 1030 Tacitus
913 991 1085 1043 venas
1119 975 1453 1031 abscindere
1485 983 1587 1046 15,
1618 983 1687 1036 69
1714 981 1769 1030 et
1798 983 1897 1047 16,
1926 984 2011 1036 11.

274 1055 395 1128 36,
432 1066 466 1119 3
494 1059 644 1115 dicto
683 1051 692 1136 Ι
729 1064 764 1116 4
795 1059 850 1112 in
879 1057 1257 1130 repperiende
1289 1059 1543 1130 immota,
1562 1059 1733 1114 em.P
1764 1051 1778 1136 Ι
1814 1068 1846 1118 5
1870 1075 2145 1134 prospere

109 1138 118 1218 Ι
159 1151 221 1202 11
263 1130 492 1198 itineris
521 1143 650 1198 add.
680 1142 747 1196 H
780 1136 921 1215 (sed
929 1148 1062 1212 post
1093 1137 1313 1213 esset),
1356 1144 1467 1198 iter
1504 1143 1633 1198 add.
1664 1145 1741 1198 al.
1782 1143 1861 1215 cfi
1895 1151 1995 1213 15,
2031 1137 2147 1223 3οΙ

103 1227 394 1282 auditurus
433 1219 442 1304 Ι
483 1232 549 1285 14
575 1227 653 1282 ita
681 1225 741 1281 in
769 1241 832 1281 re
860 1225 1084 1296 publica
1115 1227 1377 1296 populum
1412 1226 1472 1280 R.
1524 1227 1717 1282 Wurm
1746 1229 1803 1282 in
1828 1227 2031 1284 Philet.
2049 1227 2147 1298 IX,

101 1319 202 1369 100
239 1303 250 1388 Ι
289 1316 361 1370 16
390 1308 602 1366 volenti
635 1308 689 1363 R

271 1391 358 1450 37
377 1434 394 1464 ,
430 1400 466 1452 4
495 1399 558 1447 ut
588 1388 842 1464 exempl&
877 1387 964 1465 (in
997 1393 1321 1464 exemplum*
1350 1389 1574 1466 Wurm)
1626 1387 1637 1470 Ι
1684 1399 1721 1453 8
1759 1410 1925 1467 pares
1956 1399 2143 1452 aetate

101 1485 159 1532 et
181 1478 426 1533 scientia
456 1477 518 1531 H
551 1469 560 1555 Ι
599 1483 666 1537 12
697 1477 876 1531 lestus
915 1465 928 1554 Ι
964 1475 1035 1534 19‘
1057 1475 1164 1530 visi
1194 1475 1493 1546 Ite-misit,
1522 1476 1657 1548 fort.
1682 1493 1757 1534 ex
1788 1478 1897 1534 risi
1930 1484 1989 1534 et

273 1555 393 1630 38,
433 1567 467 1619 3
495 1559 820 1615 occiderunt
854 1551 868 1636 Ι
917 1565 985 1618 13
1011 1558 1330 1616 seminarum
1351 1561 1441 1615 He
1460 1561 1587 1616 incl.
1640 1556 1649 1637 Ι
1701 1567 1979 1637 14391816
2012 1564 2139 1620 incl.

95 1645 176 1718 L,
231 1644 344 1700 hoc
381 1651 436 1698 et
462 1643 738 1715 pueritiae
770 1643 894 1705 He;
935 1643 1084 1698 fessa
1109 1650 1399 1699 senectute
1432 1640 1527 1701 a'ut
1553 1650 1654 1699 etc.
1701 1645 1950 1714 Wo’lffel,
1989 1647 2141 1704 fessa

22 1767 28 1784 .
98 1734 414 1786 aetateaut
441 1727 593 1782 rudis
623 1727 900 1799 pueritiae
931 1722 1081 1800 (sine
1110 1721 1300 1799 aetas)
1330 1728 1445 1795 JG,
1492 1729 1643 1784 fessa
1675 1733 1829 1784 aetas
1862 1733 1957 1785 aut
1982 1728 2139 1784 rudis

95 1813 346 1886 pueritia
377 1812 435 1866 F
463 1803 473 1890 Ι
523 1818 590 1872 16
620 1827 840 1868 morans
871 1814 944 1868 al.
985 1803 994 1890 Ι
1036 1816 1102 1870 19
1127 1811 1623 1882 repperiebantur,
1654 1825 1753 1866 em.
1776 1811 1821 1867 G
1860 1803 1870 1886 Ι
1908 1817 1975 1868 22
1998 1827 2139 1882 quo-

97 1914 203 1969 que
233 1897 426 1968 inopia
456 1896 636 1951 vietus
672 1897 753 1963 E,
794 1911 852 1966 q.
885 1896 1067 1951 vietus
1099 1893 1263 1962 egeni
1296 1894 1399 1952 Ri‚·
1441 1899 1501 1946 a!
1529 1912 1579 1949 v.
1622 1893 1725 1946 Wr
1760 1885 1771 1968 Ι
1806 1899 1877 1952 26
1910 1900 2139 1949 auctore

263 1975 384 2051 39,
431 1986 493 2038 11
525 1979 734 2036 rumori
783 1971 796 2057 Ι
847 1976 963 2047 40,
1005 1983 1039 2035 2
1066 1975 1317 2048 prorutis
1353 1977 1433 2031 G.-
1464 1974 1751 2047 proruptis
1798 1969 1809 2051 Ι
1860 1978 1895 2031 4
1923 1975 2137 2045 positus

94 2072 272 2120 metus
321 2070 379 2119 et
421 2064 624 2119 Jacob.-
669 2068 798 2135 post
833 2068 1008 2117 metus
1051 2065 1145 2115 aut
1189 2051 1200 2137 Ι
1254 2059 1423 2113 rediit
1462 2059 1608 2114 haud
1638 2057 1781 2113 Hm.-
1826 2056 2081 2113 rediebat
2124 2050 2135 2133 Ι

94 2150 276 2216 lehis,
327 2162 430 2199 em.
474 2146 522 2200 L
572 2142 834 2219 (necdum
885 2144 1103 2217 positus
1158 2146 1333 2197 metus
1384 2148 1577 2197 auctus
1629 2142 1878 2218 redibat:
1935 2147 2137 2197 saevus

81 2235 322 2287 'rursum
349 2227 466 2294 He,
503 2229 734 2283 necdum
765 2230 982 2300 positus
1015 2231 1190 2280 metus
1217 2226 1363 2281 haud
1401 2226 1583 2281 levius
1622 2226 1873 2281 redibat:
1920 2239 2137 2280 rursum

93 2316 186 2370 ΒΖ
227 2304 238 2390 Ι
284 2318 344 2368 11
383 2310 640 2365 detectae
679 2313 726 2365 Α
820 2296 844 2313 “
1408 2344 1414 2353 -

264 2391 386 2463 41,
429 2398 463 2452 9
503 2392 860 2449 meminerant
896 2395 982 2463 R,
1021 2392 1387 2450 meminerunt
1418 2392 1499 2447 Ri
1542 2386 1552 2467 Ι
1600 2401 1665 2453 11
1704 2407 1813 2463 quo
1857 2398 1913 2447 et
1954 2390 2037 2445 R.-
2080 2397 2139 2446 et
2210 2416 2221 2425 ·

98 2498 208 2553 quo
226 2521 245 2549 ‚
295 2492 463 2550 quam
499 2476 774 2531 lectionem
818 2484 996 2533 tuetur
1039 2478 1301 2533 Heraeus
1337 2478 1398 2529 in
1440 2474 1591 2530 Stud.
1627 2477 1750 2530 crit.
1789 2476 1843 2544 Ι,
1886 2478 1955 2533 56
2004 2466 2019 2551 Ι
2069 2479 2141 2535 12

99 2581 270 2620 curae
300 2562 432 2617 mal.
471 2560 604 2630 Wr,
635 2566 696 2629 qt
722 2576 774 2614 v.
804 2560 1066 2616 Peter-ren
1094 2567 1152 2617 in
1181 2561 1269 2616 ed.
1303 2560 1543 2631 Ruperti
1568 2560 1677 2629 111,
1706 2563 1811 2617 672

274 2642 392 2716 42,
433 2650 468 2701 2
496 2643 732 2716 proinde
771 2635 781 2721 Ι
817 2648 848 2702 7
879 2650 1190 2717 temperare
1226 2637 1241 2722 Ι
1278 2650 1347 2705 14
1376 2642 1535 2699 irrita

269 2726 390 2799 43,
435 2736 498 2787 11
537 2727 1022 2784 sabae-etauissent
1049 2729 1188 2783 Hm.-
1234 2730 1503 2784 subuecta
1549 2730 1739 2782 essent
1777 2720 2138 2798 (subvectas-

101 2821 223 2871 sent
254 2810 340 2888 v.)
379 2809 388 2891 Ι
429 2819 499 2871 14
525 2811 788 2882 largitior
824 2806 835 2889 Ι
873 2817 940 2869 15
971 2814 1267 2875 custodes:
1312 2818 1369 2867 et
1404 2812 1737 2882 distinyuunt
1762 2808 1825 2863 N
1846 2813 1899 2863 et
1925 2807 2043 2876 He,
2078 2811 2139 2861 ut
2171 2860 2176 2865 ,

104 2899 366 2955 custodes
407 2896 664 2953 obiectum
703 2898 774 2949 sit
813 2911 865 2950 v.
912 2894 1224 2951 destinabat
1276 2890 1357 2969 (v.
1400 2891 1525 2969 10);
1590 2899 1649 2947 at
1696 2892 1907 2949 videtur
1953 2892 2137 2961 potius

105 2984 368 3039 custodes
397 2981 468 3035 ab
495 2980 732 3037 haberet
751 2992 1076 3050 suspensum
1113 2993 1263 3040 esse,·
1304 2986 1363 3034 ut
1393 2979 1745 3034 custodeset
1776 2977 1867 3032 Fa

268 3063 385 3136 44,
429 3070 464 3123 2
503 3064 676 3137 petita
717 3063 804 3120 dis
839 3064 913 3131 G,
943 3068 1004 3117 at
1027 3080 1076 3119 v.
1120 3064 1224 3119 Wr
1262 3060 1271 3134 Ι
1308 3068 1343 3122 6
1375 3077 1693 3134 respersum
1724 3062 1853 3115 mal.
1886 3060 1977 3113 ΒΖ
2015 3057 2131 3112 coll.

107 3157 201 3221 16,
234 3158 300 3209 10
345 3141 362 3229 Ι
412 3154 480 3208 18
505 3148 740 3223 proinde
787 3138 803 3226 Ι
849 3148 907 3203 in
937 3148 1040 3202 del.
1072 3147 1158 3202 Fa
1195 3138 1206 3225 Ι
1245 3153 1310 3207 19
1340 3145 1616 3202 coniuncti
1654 3137 1663 3219 Ι
1702 3152 1769 3204 21
1799 3140 2134 3209 ῧαωιιιαιιρὶε

108 3234 360 3291 flammati
392 3234 513 3289 cod.
535 3234 669 3304 Ayr.
685 3276 698 3297 ,
733 3232 942 3289 flamma
971 3232 1082 3288 usti
1104 3231 1385 3287 Meursius
1415 3245 1491 3285 ex
1508 3229 1751 3299 Sulpicio
1778 3226 1980 3283 Severo
2015 3221 2141 3297 (qui

108 3318 262 3373 habet
292 3315 374 3388 11,
404 3324 503 3377 29:
549 3317 678 3387 quin
709 3322 766 3371 et
794 3332 976 3373 novae
1005 3322 1212 3372 mortes
1247 3314 1635 3384 excogitatae,
1668 3318 1727 3367 ut
1754 3312 1995 3366 ferarum
2018 3314 2135 3363 ter-

110 3403 196 3472 gis
233 3401 475 3457 contecti
517 3400 724 3457 laniatu
757 3418 951 3457 eanum
997 3400 1321 3456 interirent:
1356 3397 1513 3453 multi
1555 3396 1813 3451 crucibus
1845 3392 2013 3451 adfixi
2044 3397 2135 3448 aut

109 3486 314 3540 flamma
349 3485 490 3548 usti:
529 3484 788 3555 plerique
828 3484 885 3539 in
921 3485 980 3539 id
1013 3478 1323 3553 reservati,
1367 3488 1457 3551 ut,
1502 3496 1622 3535 cum
1656 3480 1775 3535 dies
1807 3478 2131 3549 defecisset,

189 3584 360 3621 ’mern
404 3584 545 3623 PARS
588 3585 628 3624 1.
1668 3558 1721 3617 'd
