2475 4000
441 198 447 204 ·
558 182 766 228 mmm
794 183 884 230 v1.
920 181 1072 230 cAP.
1097 185 1127 234 1
1147 188 1220 214 ⁴-—
1239 183 1271 234 5
1306 169 1401 254 (V,
1428 168 1675 251 6--10).
1761 245 1779 256 -.
1996 167 2115 232 153

123 351 236 394 non
269 334 628 396 clementiam
659 337 991 412 cuiusquam
1037 339 1338 416 experiar,
1392 338 1497 396 sed
1542 337 1693 396 liber
1734 347 1793 398 et
1830 335 1963 396 mihi
2004 335 2117 414 ipsi

25 416 28 425 '
126 417 398 496 probatus
429 419 620 480 antibo
655 419 996 498 periculum.
1055 438 1162 480 vos
1187 419 1451 480 obtestor
1478 423 1551 479 ne
1580 422 1907 481 me'moriam
1930 421 2117 480 nostri

57 559 74 568 ,
126 519 226 599 per
265 519 588 565 maerorem
629 518 800 580 quam
853 503 990 564 laeti
1027 502 1361 586 retineatis,
1404 504 1705 564 adiciendo
1750 522 1841 564 me
1886 522 2114 584 quoque
2136 525 2185 566 ιο

123 587 190 645 iis
219 587 314 664 qui
341 587 457 646 fine
497 586 748 664 egregio
780 587 1012 664 publica
1039 588 1188 648 mala
1228 588 1572 664 effugerunt.
1586 593 1607 621 ³
2108 613 2113 621 >

69 681 76 688 ·
241 669 298 728 2.
347 669 508 730 Tunc
553 670 848 747 singulos,
886 680 946 730 ut
985 671 1190 750 cuique
1225 672 1545 748 adsistere,
1580 671 1823 750 adloqui
1849 672 2139 744 animusV,
2152 675 2185 728 7

123 756 540 830 erat,.retinens
565 763 660 814 aut
681 755 966 817 dimittens
991 765 1214 833 partem
1237 756 1351 814 d1e1
1364 755 1701 836 absumpsit,
1714 754 2009 833 multoque
2024 755 2117 814 ad-

119 836 224 897 huc
251 847 424 915 coetu
450 847 510 898 et
534 839 754 914 cunctis
778 837 1122 916 intrepidum
1145 839 1360 898 vultum
1384 842 1511 910 eius
1542 837 1977 919 spectantibus,
1996 856 2119 898 cum

115 939 432 1000 superesse
456 931 680 1000 tempus
702 924 1028 982 novissimis
1051 923 1377 1000 crederent,
1402 923 1597 1000 gladio
1623 922 1801 1002 quem'
1815 923 1939 981 sinu
1962 921 2117 982 abdi-

117 1004 272 1064 derat
295 1005 574 1066 incubuit.
607 1023 794 1084 neque
821 1004 1040 1066 Caesar
1061 1007 1192 1066 ullis
1212 1007 1541 1067 criminibus
1563 1017 1659 1067 aut
1673 1005 1905 1087 probris
1917 1005 2117 1065 defun·
2138 1024 2163 1062 5
2266 1000 2273 1007 ‘

119 1098 262 1150 ctum
274 1091 598 1149 insectatus
616 1098 726 1165 est,
741 1107 867 1149 cum
881 1092 938 1150 in
949 1091 1217 1150 Blaesum
1229 1091 1404 1150 multa
1415 1091 2119 1170 foedaqueincusavisset.
2230 1149 2245 1166 χ

235 1172 292 1234 3.
359 1173 640 1238 Relatum.
695 1173 827 1234 inde
893 1173 964 1234 de
1030 1175 1121 1239 P„
1149 1174 1393 1236 Vitellio
1444 1185 1502 1234 et
1556 1175 1877 1252 Pomponio
1944 1174 2047 1235 Se·
2082 1176 2190 1246 V‚8

117 1258 318 1318 cundo.
363 1258 556 1317 ,illum
595 1256 820 1316 indices
865 1257 1480 1334 arguebant-claustra
1524 1259 1767 1336 aerarii,
1811 1260 1901 1318 cui
1952 1276 2119 1337 praee

113 1341 312 1401 fectus·
345 1350 506 1418 erat,
553 1350 610 1399 et
649 1341 952 1401 militarem
1008 1339 1309 1420 pecuniam
1359 1341 1536 1402 rebus
1586 1345 1754 1402 novis
1807 1343 2116 1411 obtulisse3

113 1425 240 1486 buic
283 1445 318 1486 a
350 1425 422 1488 G.
461 1424 738 1486 Considio
787 1434 1056 1504 praetura
1081 1427 1296 1488 ‚functo
1344 1426 1745 1487 obiectabatur
1785 1427 1942 1486 Aelii
1960 1425 2121 1486 -Galli

113 1511 396 1587 amicitia,
441 1509 538 1588 qui
570 1510 767 1586 punito
801 1510 1011 1569 Seiano
1043 1510 1102 1568 in
1131 1509 1335 1570 hortos
1365 1510 1669 1592 Pomponii
1712 1510 1892 1589 quasi‘
1914 1509 2119 1570 fidissi·
2142 1529 2165 1568 5

110 1612 258 1673 mum
299 1593 374 1656 ad
421 1592 735 1652 subsidium
775 1593 1154 1671 perfugisset.
1231 1613 1423 1672 neque
1470 1594 1622 1658 aliud
1662 1593 2119 1674 periclitantibus

113 1678 307 1738 auxilii
359 1695 533 1755 quam
573 1679 630 1736 in
673 1677 910 1738 fratrum
953 1679 1271 1741 constantia
1300 1679 1435 1755 fuit,
1486 1680 1585 1756 qui
1610 1679 1791 1738 vades
1821 1679 2117 1738 exstitere.
2160 1723 2166 1731 ,

110 1779 246 1822 mox
293 1761 524 1822 crebris
577 1761 996 1842 prolationibus
1039 1779 1202 1840 spem
1261 1781 1331 1822 ae
1376 1771 1587 1821 metum
1638 1765 1797 1821 iuxta
1845 1770 2119 1838 gravatus

110 1846 390 1906 Vitellius
424 1846 605 1924 petito
641 1864 747 1925 per
790 1847 1048 1925 speciem
1082 1845 1399 1905 studiorum
1438 1844 1674 1922 scalpro
1718 1845 1907 1904 levem
1946 1847 2120 1904 ictum

109 1931 276 1990 venis
311 1928 502 1990 intulit
530 1931 822 2008 vitamque
855 1929 1216 2007 aegritudine
1237 1929 1407 1988 animi
1431 1928 1630 1986 finivit.
1690 1935 1748 1985 at
1770 1926 2121 2007 Pomponius
2141 1948 2191 1988 10

105 2014 286 2074 multa
312 2030 542 2075 morum
574 2014 862 2092 elegantia
893 2024 950 2073 et
980 2014 1216 2089 ingenio
1246 2012 1489 2087 inlustri,
1520 2011 1650 2070 dum
1674 2010 1975 2104 adversam
2002 2010 2119 2071 for·
2184 2028 2189 2031 ·

107 2107 310 2159 tunam
346 2114 570 2174 aequus
601 2098 833 2174 tolerat,
865 2096 1105 2157 Tiberio
1134 2104 1437 2175 superstes
1465 2094 1589 2155 fuit.

232 2183 297 2241 4.
380 2177 660 2239 Placitum
715 2180 961 2259 posthac
1032 2190 1090 2239 ut
1141 2182 1198 2240 in
1261 2179 1525 2257 reliquos
1578 2180 1773 2239 Seiani
1826 2178 2047 2239 liberos
2082 2181 2189 2252 V,a

97 2265 558 2339 adverteretur,
591 2273 945 2323 vanescente
975 2282 1316 2342 quamquam
1356 2262 1545 2343 plebis
1582 2265 1669 2325 ira
1708 2281 1779 2324 ac
1824 2263 2123 2343 plerisque
2189 2318 2203 2325 i

101 2368 216 2430 per
253 2346 478 2426 priora
511 2346 795 2425 supplicia
837 2348 1046 2408 lenitis.
1131 2348 1307 2425 igitur
1353 2357 1655 2427 portantur
1694 2350 1753 2407 in
1806 2356 2121 2424 carcerem,

104 2435 262 2494 filius
299 2430 711 2491 imminentium
747 2431 1118 2509 intellegente
1149 2432 1345 2511 puella
1379 2432 1529 2493 adeo
1559 2433 1791 2508 nescia,
1823 2441 1885 2491 ut
1912 2432 2121 2491 crebro
2204 2494 2213 2507 l

105 2520 539 2591 interrogaret,
567 2514 722 2593 quod
746 2515 820 2575 ob
847 2516 1118 2576 delictum
1143 2525 1200 2577 et
1223 2535 1339 2595 quo
1358 2516 1709 2585 traheretur;
1730 2476 1919 2594 nequ‘e
1940 2515 2122 2575 factu·
2146 2542 2171 2577 ε»

105 2620 231 2663 ram
257 2599 441 2674 ultra,
463 2608 522 2657 et
543 2616 720 2677 posse
745 2618 808 2659 se
835 2600 1041 2678 puerili
1063 2600 1312 2662 verbere
1334 2602 1575 2661 moueri,
1599 2599 1829 2659 tradunt
1845 2600 2127 2679 temporis

109 2687 236 2747 eius
261 2690 562 2760 auctores,
589 2684 723 2761 quia
745 2684 1080 2765 triumvirali
1105 2686 1395 2765 supplicio
1412 2684 1579 2745 adfici
1603 2684 1887 2760 virginem
1910 2683 2127 2743 inaudie

16 2806 21 2817 ·
105 2779 224 2829 tum
245 2765 601 2844 habebatur,
629 2786 661 2827 a
683 2768 955 2827 carnifice
970 2768 1234 2847 laqueum
1251 2771 1406 2829 iuxta
1426 2778 1831 2846 conpressam
1858 2768 2009 2827 exim
2025 2766 2125 2826 ob·
2190 2786 2197 2793 ·

107 2854 234 2913 lisis
263 2848 536 2913 faucibus
561 2851 618 2911 id
643 2852 846 2933 aetatis
873 2869 1126 2931 corpora
1154 2855 1210 2913 iu
1237 2852 1545 2914 Gemonias
1576 2852 1821 2912 abiecta.

45 3001 54 3011 ,
237 2940 300 2999 5.
379 2934 496 2995 Per
535 2935 686 2996 idem
738 2944 966 3015 tempus
1013 2936 1158 2997 Asia
1213 2945 1387 3015 atque
1438 2936 1659 2997 Achaia
1718 2936 2035 3018 exterritae
2062 2937 2195 3008 V,lo

109 3031 242 3081 sunt
273 3021 406 3081 acri
451 3022 638 3096 magis
686 3038 854 3098 quam
893 3020 1156 3080 diuturno
1205 3037 1469 3096 rumore,
1510 3020 1757 3087 Drusum
1803 3018 2128 3079 Germanici

107 3105 288 3165 filium
339 3102 496 3181 apud
537 3102 826 3179 Cycladas
865 3104 1118 3180 insulas,
1165 3122 1300 3165 mox
1343 3104 1399 3163 in
1442 3106 1753 3165 continenti
1794 3105 1995 3163 visum.
2070 3110 2133 3162 et·

110 3198 236 3251 erat
268 3188 503 3247 iuvenis
533 3187 683 3247 haud
713 3188 932 3268 dispari
965 3196 1189 3266 aetate,
1235 3186 1571 3266 quibusdam
1602 3186 1872 3248 Caesaris
1902 3184 2127 3245 libertis
2194 3213 2201 3221 ·

106 3273 272 3333 velut
323 3270 627 3347 adgnitus;
703 3291 808 3351 per
875 3270 1187 3349 dolumque
1253 3269 1653 3331 comitantibus
1708 3269 2171 3339 adliciebantur-5
2246 3320 2258 3338 ,

106 3356 304 3433 ignari
347 3354 504 3413 fama
534 3356 780 3417 nominis
810 3357 1194 3435 et'promptis
1227 3355 1581 3418 Graecorum
1624 3355 1827 3415 animis
1866 3353 1936 3414 ad
1975 3371 2127 3413 nova
2182 3364 2190 3378 ‘

107 3449 166 3501 et
197 3440 388 3499 mira:
423 3439 642 3517 quippe
671 3439 932 3518 elapsum
957 3439 1257 3502 custodiae
1284 3457 1537 3519 pergere
1559 3439 1631 3503 ad
1656 3448 1934 3519 paternos
1958 3456 2125 3498 exer-
