2475 4000
531 201 536 214 ’
642 191 851 282 mnan
892 234 1018 282 ΧΠ.
1058 231 1211 280 cAP.
1257 228 1499 283 64—69.
1639 178 1644 184 ³
1941 215 2066 278 223
2105 233 2112 237 ·
2161 246 2168 262 ·

122 391 281 451 ferret.
337 389 605 466 deligitur
637 388 847 449 artifex
884 386 1077 465 talium
1105 384 1395 455 vocabulo
1425 384 1705 460 Locusta,
1752 385 1937 462 nuper
1969 401 2064 443 ve-

122 475 272 534 neficii
313 473 569 534 damnata
614 482 673 533 et
701 471 803 531 diu
846 471 995 529 inter
1032 471 1406 530 instrumenta
1449 471 1617 544 regni
1657 465 1871 527 habita.
1943 471 2066 526 eius
2089 484 2138 526 ιο

121 557 333 616 mulieris
359 557 595 634 ingenio
639 564 897 634 paratum
927 554 1117 630 virus,
1164 553 1323 612 cuius
1363 554 1620 612 minister
1653 569 1684 609 e
1716 549 2067 630 spadonibus

122 642 199 700 fuit
223 640 488 717 Halotus,
514 639 729 700 inferre
760 637 963 719 epulas
994 645 1053 696 et
1083 637 1396 716 explorare
1425 645 1598 714 gustu
1627 635 1850 694 solitus.

57 731 59 736 '
214 725 303 784 67.
342 723 627 802 Adeoque
666 731 868 784 cuncta
910 739 1045 780 mox
1078 729 1461 799 pernotuere,
1502 729 1564 778 ut
1591 727 1912 795 temporum
1939 717 2068 778 illo·
2173 743 2178 754 ·

57 857 59 864 .
121 825 215 866 rum
252 809 565 886 scriptores
611 805 968 887 prodiderint
1019 804 1264 870 infusum
1305 803 1636 864 delectabili
1690 801 1821 861 cibo
1858 799 2090 874 'boleto

120 909 386 969 venenum,
444 910 556 951 nec
601 893 714 950 vim
766 888 1153 951 medicaminis
1200 889 1388 948 statim
1428 887 1808 962 intellectam,
1869 901 2068 944 socor-

124 975 255 1034 diane
296 975 518 1036 Claudii
556 993 629 1036 an
666 973 1009 1041 vinolentia;
1073 973 1237 1032 simul
1283 972 1471 1032 soluta
1516 971 1680 1032 alvus
1727 968 2070 1030 subvenisse

124 1057 394 1119 videbatur.
451 1060 626 1135 igitur
658 1058 933 1118 exterrita
962 1056 1316 1135 Agrippina,
1347 1063 1407 1114 et
1436 1055 1660 1134 quando
1690 1053 1884 1113 ultima
1910 1052 2066 1111 time·
2089 1071 2115 1110 5

124 1137 321 1214 bantur,
351 1152 551 1220 spreta
580 1141 966 1223 praesentium
995 1140 1235 1216 invidia,
1257 1139 1562 1217 'provisam
1590 1140 1701 1198 iam
1734 1136 1843 1196 sibi
1873 1135 2072 1196 Xeno-

129 1215 317 1290 phontis
366 1225 576 1285 medici
628 1225 1039 1285 conscientiam
1092 1222 1343 1284 adhibet.
1417 1222 1518 1282 ille
1574 1231 1860 1299 tamquam
1915 1221 2073 1278 nisus

129 1305 402 1394 eyomentis
430 1309 758 1385 adiuvaret,
806 1311 1035 1387 pinnam
1075 1307 1279 1385 rapido
1311 1324 1538 1366 veneno
1567 1305 1781 1366 inlitam
1811 1301 2074 1364 faucibus

130 1397 224 1439 ems
260 1381 553 1444 demisisse
592 1393 870 1468 creditur,
914 1390 1063 1450 haud
1104 1393 1338 1467 ignarus
1383 1407 1596 1450 summa
1633 1388 1862 1448 scelera
1899 1386 2074 1466 incipi

129 1480 225 1522 cum
252 1466 541 1543 periculo,
571 1477 774 1545 peragi
804 1493 930 1534 eum
962 1476 1237 1552 praemio.
1705 1537 1708 1543 ¹
2094 1478 2146 1519 1⁰

184 1632 195 1644 ι
223 1549 311 1610 68.
353 1549 691 1610 Vocabatur
734 1553 957 1628 interim
997 1562 1229 1617 senatus
1260 1567 1512 1637 votaque
1543 1575 1652 1635 pro
1683 1554 2084 1616 incolumitate·

130 1634 363 1711 principis
395 1633 670 1693 consules
706 1641 765 1700 et
793 1637 1130 1698 sacerdotes
1166 1641 1600 1720 nuncupabant,
1644 1659 1770 1700 cum
1800 1640 1911 1698 iam
1943 1655 2074 1697 exa-

57 1767 59 1796 ,
130 1715 257 1772 nimis
284 1717 543 1777 vestibus
580 1726 639 1777 et
664 1717 933 1776 fomentis
970 1715 1370 1800 obtegeretur,
1403 1724 1533 1784 dum
1567 1741 1728 1803 quae
1759 1740 1855 1783 res
1887 1722 2080 1781 forent
2113 1765 2126 1772 ,

57 1827 59 1830 >
130 1795 361 1859 firmando
387 1800 647 1861 Neronis
676 1800 919 1880 imperio
951 1815 1384 1880 componuntur.
1450 1808 1560 1863 iam
1589 1807 1830 1883 primum
1861 1805 2076 1883 Agrip·

57 1955 59 1964 Ι
132 1881 259 1957 pina,
297 1884 455 1944 velut
499 1884 703 1945 dolore
734 1886 922 1944 evicta
959 1893 1019 1943 et
1058 1884 1277 1945 solacia
1309 1887 1690 1965 conquirens,
1733 1897 1937 1947 tenere
1967 1906 2078 1948 am-
2101 1909 2128 1948 5

131 1962 271 2039 plex'u
298 1965 715 2045 Britannicum,
758 1985 954 2029 veram
972 1969 1211 2046 *paterni
1243 1969 1364 2029 oris
1393 1969 1647 2045 effigiem
1678 1970 1980 2049 appellare
2011 1989 2081 2030 ac

130 2049 269 2107 variis
296 2053 515 2113 artibus
549 2052 869 2128 demorari,
910 2070 985 2111 ne
1016 2052 1283 2117 cubiculo
1320 2052 1718 2129 egrederetur.
1777 2052 2083 2113 Antoniam

134 2146 324 2210 quoque
372 2146 429 2197 et
460 2136 761 2197 Octaviam
792 2138 1184 2195 soi-cresseius
1216 2136 1468 2213 attinuit,
1519 2144 1578 2195 et
1627 2145 1866 2196 cunctos
1897 2135 2082 2196 aditus

133 2217 367 2281 custodiis
396 2221 717 2297 clauserat,
756 2218 1083 2297 crebroque
1112 2218 1390 2296 vulgabat
1425 2223 1510 2280 ire
1546 2222 1602 2280 in
1629 2220 1834 2281 melius
1858 2220 2082 2283 ,valetu-

57 2330 60 2335 -
132 2294 283 2359 dinem
324 2304 636 2383 principis,
692 2320 804 2381 quo
848 2302 1013 2383 miles
1057 2302 1210 2367 bona
1254 2305 1311 2363 in
1351 2322 1457 2384 spe
1499 2314 1706 2382 ageret
1742 2313 2083 2385 tempusque
2103 2324 2154 2365 ιο

132 2395 433 2461 prosperum
466 2406 547 2448 ex
573 2388 801 2447 monitis
834 2385 1252 2449 Chaldaeorum
1283 2388 1638 2451 adventaret.
2055 2442 2065 2454 .
2146 2403 2153 2411 ”

228 2467 319 2529 69.
364 2473 525 2534 Tunc
553 2472 741 2531 medio
774 2470 891 2531 'diei
928 2473 1154 2532 tertium
1188 2482 1320 2533 ante
1349 2473 1483 2534 Idus
1517 2472 1820 2550 Octobris,
1866 2472 2087 2531 foribus

133 2548 293 2621 palatii
324 2565 563 2634 repente
610 2554 885 2633 diductis,
932 2558 1241 2617 comitante
1270 2556 1454 2619 Burro
1485 2556 1644 2617 Nero
1690 2554 1984 2633 egreditur
2013 2555 2086 2614 ad

134 2631 421 2717 cohortem,
468 2657 615 2719 quae
654 2655 816 2699 more
856 2640 1089 2701 militiae
1132 2640 1396 2701 excubiis
1439 2641 1621 2702 adest.
1696 2639 1776 2699 ibi
1817 2648 2086 2699 monente

134 2718 396 2810 praefecto
438 2724 642 2785 faustis
681 2722 924 2783 vocibus
968 2735 1252 2804 exceptus
1293 2725 1500 2785 inditur
1532 2724 1798 2785 lecticae.
1873 2721 2086 2783 dubita-

134 2812 259 2893 visse
283 2808 556 2883 quosdam
585 2808 807 2885 ferunt,
838 2818 1241 2886 respectantes
1271 2811 1709 2887 rogitantesque
1741 2807 1841 2867 ubi
1868 2804 2084 2867 Britan·
2108 2826 2134 2866 5

134 2894 265 2943 meus
293 2901 473 2951 essetz
506 2908 642 2951 mox
672 2890 834 2950 nullo
860 2890 918 2949 in
938 2890 1223 2952 diversum
1257 2902 1496 2953 auctore
1521 2910 1668 2971 quae
1699 2890 2088 2953 offerebantur

134 2972 287 3030 secuti
330 2984 473 3035 sunt.
530 2975 851 3052 inlatusque
894 2975 1099 3034 castris
1132 2974 1292 3036 Nero
1333 2985 1392 3036 et
1432 2978 1812 3053 congruentia
1841 2974 2088 3053 tempori

133 3052 422 3149 {me-fmus,
465 3059 752 3138 promisso
792 3056 1068 3120 donativo
1110 3059 1181 3143 ad
1223 3060 1551 3139 exemplum
1596 3070 1872 3141 paternae
1913 3058 2088 3133 largi-

135 3134 307 3215 tionis,
372 3144 686 3221 imperator
741 3140 1148 3202 consalutatur.
1225 3146 1564 3205 sententiam
1608 3144 1844 3204 militum
1887 3150 2086 3201 secuta

133 3223 322 3285 latrum
350 3227 641 3302 consulta,
683 3243 793 3286 nec
824 3224 1127 3297 dubitatum
1161 3235 1252 3286 est
1283 3228 1433 3305 apud
1469 3228 1820 3307 provincias.
1897 3225 2084 3286 caele-
2105 3237 2157 3278 ιο

137 3303 337 3381 stesque
388 3309 639 3371 honores
691 3307 933 3369 Claudio
985 3309 1370 3390 decernuntur
1425 3321 1484 3371 et
1530 3311 1747 3371 funeris
1802 3309 2085 3369 sollemne

136 3386 341 3453 perinde
390 3411 459 3453 ac
498 3393 633 3453 divo
674 3392 938 3470 Augusto
982 3393 1340 3473 celebratur,
1399 3395 1717 3456 aemulante
1761 3394 2088 3473 Agrippina
2195 3422 2199 3426 ²

138 3474 377 3536 proaviae
415 3476 609 3537 Liviae
669 3478 1167 3553 magnificentiam.
1259 3488 1658 3541 testamentum
1703 3488 1892 3539 tamen
1936 3476 2086 3539 haud
