2475 4000
763 212 1100 260 munnlv.
1133 211 1282 260 off.
1313 209 1574 266 70--74-
2042 203 2162 262 147

182 361 313 419 tium
362 361 654 425 beluarum
698 366 932 427 feraces
981 367 1192 442 saltus,
1251 367 1479 428 modica
1518 368 1669 428 domi
1714 375 1967 430 armenta
2012 378 2159 428 sunt.

181 461 246 502 ac
276 446 460 522 primo
491 448 676 514 boves
704 449 887 529 ipsos,
916 468 1054 511 mox
1089 468 1298 528 agros,
1346 459 1639 530 postremo
1672 468 1919 531 cor-pora
1964 453 2230 513 conia-10

177 545 309 602 gum
340 539 437 589 aut
472 532 784 598 liberorum
817 535 1057 594 servitio
1083 533 1403 594 tradebant.
1461 533 1596 593 hinc
1624 536 1709 595 ira
1738 544 1795 594 et
1818 545 2072 614 questus,
2104 544 2163 595 et

174 621 476 690 postquam
516 635 633 677 non
663 617 1141 695 subveniebatur,
1185 618 1497 679 remedium
1528 635 1604 677 ex
1636 617 1819 677 bello.
1876 623 2026 698 rapti
2066 620 2164 697 qui

173 695 381 756 tributo
417 699 659 762 aderaut
689 702 901 762 milites
947 711 1004 760 et
1046 700 1305 782 patibulo
1347 701 1552 762 adfixi:
1586 700 1861 761 Olennius
1901 703 2163 763 infensos
2244 759 2251 775 ,

172 775 307 856 fuga
333 787 657 862 praevenit,
680 795 958 864 receptus
987 785 1259 862 castello,
1290 787 1380 845 cui
1404 803 1613 846 nomen
1634 785 1875 846 Flevum
1916 795 1973 845 et
2010 785 2159 846 haud

172 867 499 941 spernenda
551 868 676 930 illic
730 870 938 928 civium
993 871 1400 948 sociorumque
1454 885 1651 930 manus
1702 868 1871 928 litora
1933 867 2147 930 Oceani
2176 887 2225 928 15

171 949 562 1023 praesidebat.
2192 977 2206 1006 x

288 1031 388 1092 73.
435 1035 607 1112 Quod
629 1034 727 1096 ubi
755 1035 816 1094 L.
848 1035 1112 1116 Apronio
1143 1036 1434 1097 inferioris
1464 1034 1801 1096 Germaniae
1848 1051 1955 1114 pro
1996 1053 2159 1114 prae-

164 1122 290 1174 tore
332 1121 664 1197 cognitum,
711 1115 929 1182 vexilla
973 1121 1268 1198 legionum
1310 1138 1343 1179 e
1392 1106 1697 1198 superiore
1727 1119 2027 1199 provincia
2060 1137 2159 1198 pe·

166 1197 452 1280 ditumque
503 1201 561 1263 et
613 1205 866 1282 equitum
919 1205 1273 1264 auxiliarium
1314 1203 1581 1264 delectos
1630 1204 1839 1264 accivit
1882 1221 1954 1262 ac
1994 1203 2161 1264 simul

165 1291 461 1365 utrumque
511 1288 828 1348 exercitum
871 1287 1077 1348 Rheno
1120 1287 1424 1348 devectum
1465 1287 1669 1348 Frisiis
1708 1287 1923 1364 intulit»,
1968 1278 2159 1347 soluto

166 1367 276 1426 iam
319 1371 550 1431 castelli
597 1369 824 1431 obsidio
869 1379 926 1430 et
967 1371 1040 1432 ad
1084 1390 1183 1431 sua
1224 1370 1451 1432 tutanda
1496 1371 1777 1448 digressis
1818 1369 2159 1430 rebellibus.
2184 1385 2210 1425 ⁵

166 1451 338 1527 igitur
383 1456 654 1534 proxima
679 1455 983 1516 ‘aestuaria
1024 1455 1340 1533 aggeribus
1388 1464 1447 1515 et
1490 1454 1761 1534 pontibus
1806 1453 2159 1515 traducendo

167 1537 427 1610 graviori
475 1540 686 1616 agmini
739 1539 939 1598 firmat.
1006 1549 1180 1619 atque
1221 1541 1447 1599 interim
1505 1541 1755 1619 repertis
1808 1539 1973 1599 vadis
2012 1539 2161 1599 alam

168 1617 602 1682 Canninefatem
661 1630 720 1681 et
765 1622 920 1700 quod
965 1623 1214 1702 peditum
1262 1623 1669 1684 Germanorum
1724 1625 1873 1685 inter
1926 1632 2160 1682 nostros

165 1703 424 1766 merebat
459 1706 842 1782 circumgredi
868 1715 1033 1784 terga
1063 1707 1310 1768 hostium
1338 1708 1527 1784 iubet,
1576 1710 1670 1787 qui
1705 1709 1814 1768 iam
1842 1707 1970 1766 acie
2004 1724 2156 1766 com-

168 1790 340 1864 positi
383 1791 604 1870 pellunt
636 1798 848 1850 turmas
890 1792 1155 1851 sociales·
1177 1793 1521 1870 equitesque
1562 1791 1857 1867 legionum
1898 1789 2154 1850 subsidio
2178 1801 2229 1844 10

163 1873 397 1933 missos.
455 1883 572 1934 tum
611 1885 735 1934 tres
770 1875 934 1934 leves
968 1875 1245 1935 cohortes
1286 1893 1356 1934 ac
1386 1893 1611 1932 rursum
1640 1874 1814 1949 duae,
1860 1873 1989 1934 dein
2020 1884 2156 1934 tem·

165 1972 311 2034 pore
345 1959 651 2019 interiecto
686 1959 896 2019 alarius
926 1977 1106 2038 eques
1135 1959 1436 2019 inmissus:
1474 1958 1613 2016 satis
1657 1956 1861 2032 validi,
1904 1959 1950 2028 si
1993 1956 2187 2021 simul.

164 2040 588 2119 incubuissent,
624 2062 731 2122 per
759 2043 1120 2103 intervallum
1153 2044 1531 2102 adventantes
1561 2058 1748 2119 neque
1782 2043 2161 2101 constantiam

162 2122 500 2185 addiderant
543 2126 781 2187 turbatis
823 2134 882 2187 et
922 2143 1144 2205 pavore
1177 2125 1517 2201 fugientium
1553 2123 1979 2223 auferebamr.
2048 2122 2158 2183 Ce-

163 2204 346 2280 thego
395 2206 650 2268 Labeoni
694 2210 894 2286 legato
927 2210 1156 2287 quintae
1190 2209 1445 2285 legionis
1490 2208 1644 2287 quod
1679 2209 1853 2285 reliq„
1884 2202 1961 2271 ’ὅτι
2001 2208 2228 2268 auxi-1⁵

161 2287 372 2347 liorum
401 2292 587 2350 tradit.
652 2302 820 2371 atque
865 2292 964 2350 ille
1011 2291 1181 2351 dubia
1217 2310 1450 2352 suorum
1492 2312 1557 2352 re
1600 2294 1658 2351 in
1698 2260 1893 2409 auceg
1918 2276 2159 2369 stactus

155 2373 352 2431 missis
413 2376 622 2434 nuntiis
664 2378 776 2434 vim
821 2375 1114 2453 legionum
1147 2377 1494 2456 inplorabat.
1534 2380 1545 2391 ’
1580 2352 2022 2456 prorumpemna
2042 2378 2156 2435 uin-

153 2459 270 2516 tani
315 2466 453 2517 ante
499 2457 648 2518 alios
694 2468 751 2518 et
785 2461 905 2521 acri
948 2478 1140 2539 pugna
1174 2460 1344 2520 hoste
1376 2462 1545 2540 pulso
1579 2463 1867 2539 recipiunt
1901 2437 2158 2534 &faunis

154 2541 394 2621 alasque
443 2541 635 2602 fessas
662 2543 1013 2604 vulneribus.
1067 2562 1260 2623 neque
1292 2545 1408 2604 dux
1434 2545 1724 2606 Romanus
1754 2543 1931 2603 ultum
1974 2545 2036 2603 iit
2064 2553 2158 2603 aut

159 2643 413 2706 corpora
448 2626 719 2704 humavit,
754 2645 1092 2707 quamquam
1125 2629 1285 2688 multi
1316 2629 1670 2691 tribunorum
1701 2626 2225 2707 praefectorum-20

161 2730 271 2789 que
321 2720 379 2771 et
427 2712 684 2787 insignes
729 2713 1096 2771 centuriones
1127 2712 1495 2773 cecidissent.
1558 2729 1696 2773 mox
1736 2720 2092 2791 compertum
2122 2729 2156 2771 a

158 2796 474 2873 transfugis
519 2805 846 2872 nongentos
891 2796 1275 2857 Romanorum
1334 2797 1482 2876 apud
1526 2796 1713 2877 lucum
1759 2813 1928 2875 quem
1972 2795 2154 2869 Badu-

41 2936 56 2959 J
159 2878 383 2942 hennae
409 2887 621 2939 vocant
645 2897 836 2957 pugna
860 2879 917 2937 in
939 2888 1232 2957 posterum
1259 2889 1517 2940 extracta
1545 2880 1889 2956 confectos‚-
1906 2889 1965 2939 et
1988 2881 2157 2941 aliam

161 2965 705 3041 quadringentorum
749 2981 972 3022 manum
1023 2973 1307 3041 occupata
1343 2963 1701 3044 Cruptoricis
1736 2964 2020 3043 quondam
2059 2964 2153 3023 sti·

159 3048 434 3125 pendiarii
467 3046 628 3123 villa,
667 3056 972 3127 postquam
1004 3046 1254 3126 proditio
1282 3047 1671 3125 metuebatur,
1711 3050 1917 3108 mutuis
1946 3047 2221 3109 ictibuszs

157 3131 566 3208 procubuisse.
1089 3140 1094 3143 “

283 3219 384 3277 74.
434 3213 666 3275 Clarum
707 3214 842 3275 iude
885 3217 1034 3275 iuter
1066 3213 1382 3274 Germanos
1423 3214 1665 3275 Frisium
1694 3230 1935 3290 nomeu,
1987 3213 2151 3274 dissi*

159 3300 408 3360 mulante
451 3298 689 3359 Tiberio
733 3300 962 3376 damna,
1015 3316 1087 3357 ne
1139 3299 1229 3357 cui
1274 3297 1486 3358 bellum
1528 3299 1903 3377 permitteret.
1962 3316 2150 3375 neque

91 3426 93 3429 Α
159 3394 390 3447 senatus
428 3384 485 3447 iu
515 3400 588 3445 eo
621 3402 755 3443 cura
776 3429 793 3460 ‚
829 3402 902 3443 an
930 3384 1151 3462 imperii
1183 3390 1439 3443 extrema
1472 3382 2017 3442 dehonestarentur:
2050 3399 2149 3459 pa-

35 3463 110 3555 !ati·
155 3482 262 3527 vor
303 3470 566 3589 internus,
605 3476 997 3547 occupaverat
1042 3466 1311 3545 animoS,⁸
1338 3468 1428 3527 cui
1472 3465 1805 3610 remediugn*
1825 3465 2150 3527 adulatione

35 3554 68 3611 is
98 3560 134 3600 ¹¹¹
1684 3552 1711 3610 1
