2475 4000
288 303 294 310 ,
358 247 515 312 ’124
884 257 1211 306 CORNELII
1251 253 1483 318 tracrm
1524 251 1889 302 Amanum

392 415 629 476 vendas.
700 431 837 472 mox
872 408 1247 486 Numantina,
1300 410 1461 487 prior
1503 426 1659 467 uxor
1713 409 1867 483 eius,
1923 413 2208 466 accusata
2265 406 2428 466 inie-

396 501 544 560 cisse
575 495 915 557 carminibus
946 504 1005 555 et
1031 495 1330 554 veneficiis
1375 491 1744 568 vaecordiam
1783 492 2017 568 marito,
2055 491 2286 550 insons
2339 491 2427 549 iu-

395 583 635 642 dicatur.
2001 630 2007 636 ,

422 651 431 659 ’
519 666 619 727 23.
666 664 724 725 Is
742 665 978 726 *demum
1011 682 1189 725 annus
1220 662 1497 742 populum
1526 661 1845 720 Romanum
1874 657 2056 735 longo
2081 657 2428 718 adversum

378 750 687 812 ¹Numidam
729 750 1149 810 Tacfarinatem
1190 746 1352 806 bello
1398 744 1668 805 absolvit.
1746 761 1874 802 nam
1928 743 2160 821 priores
2218 741 2428 800 duces

391 835 488 895 ubi
522 832 881 912 impetrando
932 830 1353 910 triumphalium
1385 829 1595 906 insigni
1634 827 1908 887 sufficere
1948 845 2044 886 res
2085 843 2230 885 suas
2285 843 2427 885 ere-

396 919 671 994 diderant,
701 917 929 978 hostem
960 915 1322 984 omittebant;
1365 916 1593 992 iamque
1637 921 1758 971 tres
1802 911 2095 971 laureatae
2141 912 2206 969 in
2257 909 2427 968 urbe

351 1018 375 1058 5
398 1013 617 1064 statuae
650 1011 709 1061 et
740 1001 922 1061 adhuc
952 999 1217 1078 raptabat
1248 997 1505 1058 Africam
1534 997 1902 1071 Tacfarinas,
1939 1005 2136 1054 auctus
2167 993 2424 1053 Mauro-

393 1105 517 1148 rum
547 1087 800 1162 auxiliis,
858 1088 983 1164 qui,
1026 1084 1364 1145 Ptolemaeo
1407 1081 1582 1142 Iubae
1630 1080 1749 1140 filio
1792 1081 2021 1138 iuventa
2072 1079 2422 1150 incurioso,

394 1169 637 1229 libertos
671 1171 961 1246 regios·et
992 1168 1225 1228 servilia
1252 1166 1492 1245 imperia
1524 1165 1682 1225 bello
1712 1168 2085 1223 mutaverant.
2148 1170 2290 1221 erat
2333 1160 2425 1220 illi

322 1264 329 1270 “
399 1253 737 1332 praedarum
784 1262 1059 1329 receptor
1100 1271 1169 1309 ac
1210 1253 1406 1309 socius
1448 1247 1766 1328 populandi
1817 1265 1927 1307 rex
1972 1246 2422 1321 Garamantum,

399 1353 514 1389 uon
556 1341 615 1388 ut
657 1350 783 1386 cum
827 1336 1086 1388 exercitu
1116 1332 1463 1407 incederet,
1520 1331 1625 1390 sed
1671 1332 1862 1389 missis
1917 1329 2141 1389 levibus
2192 1331 2424 1408 copiiS‚

330 1425 379 1464 10
401 1430 546 1489 quae
579 1429 652 1468 ex
683 1411 997 1489 long-inquo
1023 1414 1080 1470 in
1104 1412 1283 1471 maius
1307 1413 1705 1480 audiebantur:
1739 1415 1983 1489 ipsaque
2009 1433 2041 1470 e
2065 1414 2422 1489 provincia,

396 1503 458 1552 ut
489 1494 615 1570 quis
642 1492 870 1553 fortuna
904 1497 1107 1571 inopS,
1137 1494 1392 1552 moribus
1436 1494 1726 1568 turbidus,
1767 1498 2089 1571 promptius
2131 1493 2422 1564 ruebant,

388 1577 530 1655 ‘quia
575 1574 792 1635 Caesar
832 1585 968 1654 post
1008 1594 1107 1635 res
1152 1595 1199 1638 a.
1224 1576 1452 1636 Blaeso·
1483 1585 1713 1652 gestas,
1768 1578 1929 1652 quasi
1967 1574 2135 1632 nullis
2167 1575 2302 1657 ,iam
2359 1575 2423 1630 in

398 1660 598 1720 Africa
628 1658 910 1735 hostibus,
946 1661 1235 1738 reportari
1269 1676 1491 1718 nonam*
1509 1659 1800 1734 legionem
1831 1658 2110 1732 iusserat,
2143 1674 2264 1715 nec
2297 1675 2421 1734 pro

400 1744 639 1803 consule
671 1744 795 1802 eius
827 1745 957 1802 anni
988 1743 1051 1809 P.
1078 1741 1664 1818 Dolabellaretinere
1690 1759 1862 1801 ausus
1885 1750 2030 1818 erat,
2060 1740 2230 1800 iussa
2249 1741 2420 1818 prin-

174 1903 182 1924 ·
210 1801 249 1824 υ
333 1847 381 1886 15
405 1828 550 1904 cipis
579 1829 762 1903 magis
796 1845 961 1905 quam
988 1828 1209 1886 incerta
1245 1825 1386 1886 belli
1416 1834 1698 1884 metuens,

408 1965 413 1970 ,
522 1907 623 1969 24.
664 1909 847 1987 Igitur
895 1911 1231 1971 Tacfarinas
1290 1908 1556 1986 disperso
1615 1926 2026 1968 rumore³rem
2081 1907 2420 1966 Romanam

400 1994 529 2054 aliis
574 2012 803 2073 quoque
846 1993 917 2055 ab
966 1992 1290 2055 nationibus
1329 1993 1577 2053 lacerari
1621 2011 1812 2070 eoque
1867 1991 2140 2072 paulatim
2202 1988 2420 2051 Africa

399 2078 715 2154 decedere,
766 2095 834 2137 ac
878 2080 1360 2158 posse,reliquos
1407 2068 1838 2153 circumveniri,
1888 2076 1936 2134 si
1977 2075 2165 2134 cuncti
2199 2074 2418 2153 quibus

397 2158 638 2221 libertas
670 2163 910 2221 servitio
955 2165 1149 2241 potior
1190 2162 1616 2237 incubuissent,
1661 2168 1836 2239 auget
1877 2160 2034 2219 vires
2080 2158 2418 2237 positisque

353 2245 606 2303 scastris
639 2242 1002 2306 Thubuscum
1047 2247 1322 2325 oppidum
1363 2244 1745 2305 circumsidet.
1819 2252 1876 2303 at
1913 2240 2224 2302 Dolabella
2269 2260 2416 2301 con-

398 2335 584 2386 tracto
634 2325 786 2408 quod
828 2338 954 2388 erat
993 2330 1260 2405 militum,
1319 2338 1546 2389 terrore
1598 2328 1840 2387 nominis
1880 2328 2122 2387 Romani
2165 2334 2227 2384 et
2273 2329 2420 2403 quia

397 2409 673 2471 Numidae
714 2411 966 2490 peditum
1008 2416 1189 2472 aciem
1231 2414 1389 2472 ferre
1429 2420 1754 2489 nequeunt,
1809 2412 1997 2489 primo
2045 2410 2128 2469 sui
2166 2408 2422 2468 incessu

400 2495 575 2554 solvit
606 2492 890 2556 obsidium
920 2496 1297 2576 locorumque
1330 2503 1616 2575 oportuna
1649 2496 2022 2574 permunivit3
2056 2491 2215 2553 simul
2243 2495 2419 2571 prin-

402 2581 565 2657 cipes
596 2578 1061 2640 Musulamiorum
1093 2579 1479 2640 defectionem
1512 2589 1856 2657 coeptantes
1904 2579 2096 2640 securi
2133 2576 2420 2655 percutit.

333 2676 381 2716 10
403 2663 533 2722 dein
587 2664 717 2739 quia
778 2663 1037 2742 pluribus
1102 2664 1404 2724 adversum
1456 2661 1876 2723 Tacfarinatem
1939 2660 2420 2740 expeditionibus

402 2747 722 2823 cognitam,
768 2764 882 2806 non
921 2748 1088 2824 gravi
1129 2765 1240 2806 nec
1283 2764 1396 2806 uno
1432 2748 1662 2806 incursu
1698 2746 2148 2806 consectandum
2175 2744 2422 2803 hostem

322 2894 331 2903 ,
398 2847 639 2905 vagum,
690 2832 883 2890 excito
930 2849 1054 2891 cum
1105 2829 1481 2909 popularibus
1535 2848 1680 2907 rege
1735 2829 2071 2891 Ptolemaeo
2137 2837 2425 2906 quattuor

400 2913 626 2990 agmina
656 2922 849 2992 parat,
884 2912 1029 2993 quae
1062 2914 1273 2991 legatis
1305 2922 1398 2979 aut
1433 2913 1671 2974 tribunis
1705 2913 1864 2983 data;
1911 2923 1969 2973 et
2001 2912 2426 2992 praedatorias

398 3014 597 3137 mzssuss
642 2996 853 3057 delecti
892 2998 1217 3058 Maurorum
1262 2997 1508 3059 duxere:
1560 2999 1688 3078 ipse
1724 2998 2026 3057 consultor
2056 2995 2264 3055 aderat
2293 3013 2422 3055 om—

334 3105 382 3143 15
402 3098 459 3139 m
502 3098 590 3137 us.

529 3162 632 3223 25.
678 3160 804 3223 Nec
846 3164 1023 3224 multo
1074 3173 1211 3245 post
1255 3166 1511 3226 adfertur
1561 3165 1834 3227 Numidas
1890 3164 2058 3245 apud-
2104 3162 2424 3223 castellum

400 3247 761 3324 semirutum,
814 3246 884 3306 ab
927 3250 1070 3327 ipsis
1115 3250 1401 3328 quondam
1446 3252 1767 3326 incensum,
1820 3250 1911 3309 cui
1941 3265 2154 3308 nomen
2183 3248 2422 3323 Auzea,

399 3331 607 3408 positis
636 3330 954 3409 mapalibus
994 3333 1365 3410 consedisse,
1400 3332 1542 3391 fisos
1573 3332 1746 3410 loc0,
1793 3334 1924 3411 quia
1966 3333 2146 3393 vastis
2192 3333 2420 3391 circum

403 3413 642 3473 saltibus
675 3413 1067 3477 claudebatur.
1122 3415 1577 3499 tum-expeditae
1611 3417 1886 3478 cobortes
1917 3416 2194 3495 alaeque,
2241 3432 2419 3493 quam

351 3516 377 3557 5
398 3497 455 3555 in
486 3507 709 3576 partem
739 3498 1085 3560 ducerentur
1115 3503 1385 3578 ignarae,
1419 3500 1535 3558 cito
1570 3501 1796 3577 agmine
1838 3502 2151 3581 rapiuntur.
2217 3498 2418 3558 simul-
