2475 4000
738 243 742 247 ·
779 235 914 282 Lm.
936 236 984 282 1.
1017 236 1164 282 CAP.
1187 226 1425 290 59—63.
1788 285 1797 298 ,
2016 225 2117 296 31,

109 401 177 452 et
223 397 434 448 sortem
465 389 767 448 hominum.
833 390 1152 466 praemisso
1187 388 1468 461 Caecina,
1509 399 1569 449 ut
1598 393 1821 454 occulta
1854 393 2095 454 saltuum

112 481 470 534 scrutaretur
499 480 824 550 pontesque
855 481 914 531 et
941 487 1193 549 aggeres
1235 470 1423 530 umido
1464 472 1726 548 paludum
1774 485 1831 535 et
1872 477 2093 538 fallaci·
2116 483 2145 522 5
2206 479 2213 486 ’

112 557 230 616 bus
283 557 492 633 campis
535 557 872 634 inponeret,
929 556 1198 622 incedunt
1237 562 1491 613 maestos
1538 555 1703 613 locos
1744 560 1983 638 visuque
2022 577 2093 620 ac

111 640 386 699 memoria
422 639 715 699 deformis.
779 641 961 717 prima
991 639 1130 700 Vari
1165 647 1355 700 castra
1392 638 1511 697 lato
1544 637 1752 696 ambitu
1793 649 1849 699 et
1884 644 2091 702 dimen-

117 726 205 782 sis
227 723 514 800 principiis
545 725 710 781 trium
742 723 1043 821 legionum·
1067 741 1265 782 manus
1316 720 1717 788 ostentabant3
1764 722 1893 781 dein
1929 729 2093 785 semi-

112 815 246 864 ruto
283 805 461 879 vallo,
499 806 692 865 humili
725 807 886 866 fossa
916 807 1146 866 accisae
1175 808 1286 866 iam
1324 805 1608 882 reliquiae
1644 805 1983 866 consedisse
2016 810 2094 866 in-

107 889 570 966 tellegebantur:
602 879 790 949 medio
821 892 1007 968 campi
1037 889 1287 950 albentia
1317 903 1471 964 ossa,
1498 897 1559 947 ut
1590 889 1889 965 fugerant,
1920 897 1981 947 ut
2008 907 2097 948 re·
2120 903 2167 943 10

105 973 394 1051 stiterant,
429 973 668 1032 disiecta
702 973 798 1032 vel
827 982 1124 1050 aggerata.
1184 973 1524 1034 adiacebant
1550 972 1833 1049 fragmina
1857 972 2101 1032 telorum

104 1073 506 1156 equorumque
538 1065 712 1132 artus,
745 1056 907 1118 simul
938 1058 1154 1116 truncis
1185 1055 1451 1116 arborum
1481 1056 1729 1116 antefixa
1764 1073 1885 1116 ora.
1956 1055 2101 1114 lucis

100 1141 450 1217 propinquis
481 1138 762 1200 barbarae
807 1157 974 1215 arae,
1005 1139 1157 1218 apud
1197 1157 1339 1217 quas
1376 1139 1637 1198 tribunos
1682 1157 1751 1199 ac
1791 1140 2103 1237 primorum

103 1222 370 1282 ordinum
401 1225 769 1283 centuriones
805 1232 1215 1283 mactaverant.
1278 1232 1337 1282 et
1367 1216 1548 1282 cladis
1578 1223 1701 1282 eius
1732 1222 2099 1302 superstitem

101 1325 360 1382 pugnam
392 1315 487 1365 aut
519 1308 747 1367 vincula
779 1307 985 1384 elapsi,
1022 1305 1356 1366 referebant
1381 1305 1475 1364 hic
1521 1308 1805 1366 cecidisse
1845 1306 2168 1406 legatoS,15

97 1391 227 1449 illic
259 1397 456 1466 raptas
491 1389 740 1466 aquilas;
773 1391 1013 1468 primum
1041 1390 1138 1449 ubi
1167 1391 1371 1449 vulnus
1398 1389 1555 1450 Varo
1580 1389 1859 1468 adactum,
1890 1391 2034 1450 ubi
2016 1409 2096 1449 ιιι-

96 1472 272 1532 felici
305 1471 546 1530 dextera
571 1481 630 1531 et
651 1489 754 1531 suo
779 1473 892 1532 ictu
923 1482 1161 1532 mortem
1183 1475 1464 1534 invenerit
1482 1497 1495 1543 ;
1530 1491 1647 1554 qno.
1670 1474 1935 1534 tribunali
1958 1491 2095 1544 con-

95 1558 360 1615 tionatus
397 1554 716 1628 Arminius,
751 1565 888 1633 quot
923 1556 1175 1634 patibula
1205 1558 1479 1635 captivis,
1523 1576 1671 1636 quae
1698 1559 1977 1633 scrobes,
2004 1566 2093 1616 ut-

100 1656 224 1718 que
261 1639 440 1714 signis
475 1647 530 1697 et
559 1639 763 1716 aquilis
792 1657 900 1716 per
929 1639 1255 1717 superbiam
1284 1640 1563 1700 inluserit.

231 1721 332 1783 62.
381 1721 560 1798 Igitur
605 1721 910 1782 Romanus.
952 1725 1072 1800 qui‘
1099 1723 1299 1783 aderat
1340 1725 1629 1782 exercitus
1682 1733 1901 1785 sextum
1959 1732 2095 1801 post

97 1805 290 1866 cladis
320 1823 520 1864 annum
551 1808 716 1866 trium
743 1808 1032 1884 legionum
1070 1824 1224 1882 ossa,
1253 1808 1427 1866 nullo.
1442 1816 1721 1866 noscente
1752 1807 1972 1868 alienas
2001 1825 2090 1866 re-

92 1889 309 1967 liquias
344 1906 414 1948 an
443 1908 676 1950 suorum
705 1891 876 1950 humo
895 1899 1148 1967 tegeret,
1163 1907 1381 1966 ‚omnes
1403 1897 1463 1948 ut
1487 1891 1845 1964 coniunctos,
1874 1900 1935 1949 ut
1958 1908 2091 1948 con-

95 1973 476 2050 sanguineos,
505 1984 672 2035 aucta
705 1975 760 2033 in
794 1975 1020 2035 hostem
1047 1976 1152 2048 ira,
1185 1974 1389 2033 maesti
1420 1971 1585 2030 simul
1622 1980 1679 2049 et
1705 1971 1909 2031 infensi
1956 1989 2089 2031 con-

94 2058 335 2116 debant.
399 2060 640 2135 primum
677 2058 998 2117 extruendo
1032 2057 1248 2116 tumulo
1285 2056 1604 2132 caespitem
1630 2050 1848 2115 Caesar
1877 2055 2089 2132 posuit,
2114 2067 2140 2105 ⁵

89 2140 432 2216 gratissimo
459 2159 692 2199 munere
715 2143 773 2199 in
796 2141 1098 2201 defunctos
1127 2149 1185 2198 et
1208 2138 1609 2217 praesentibus
1633 2138 1852 2199 doloris
1876 2139 2090 2198 sociuS.

93 2220 264 2299 quod
297 2219 526 2280 Tiberio
556 2222 704 2283 haud
737 2204 1072 2321 probatum,
1097 2240 1201 2281 seu
1233 2232 1437 2287 cuncta
1467 2221 1786 2284 Germanici
1830 2224 1887 2282 in
1932 2223 2090 2283 dete-

91 2307 224 2363 rius
253 2302 520 2377 trahenti,
561 2307 684 2364 sive
717 2307 1034 2365 exercitum
1057 2306 1303 2381 imagine
1326 2324 1627 2369 caesorum
1650 2308 2088 2385 insepultorum-

98 2406 218 2465 que
266 2384 545 2445 tardatum
587 2387 656 2446 ad
695 2388 920 2465 proelia
962 2396 1020 2447 et
1063 2387 1582 2449 formidolosiorem
1615 2390 1858 2449 hostium
1888 2392 2088 2450 crede·

95 2472 235 2539 bat;
272 2486 462 2546 neque
493 2471 894 2548 imperatorem
923 2480 1201 2559 auguratu
1227 2482 1285 2532 et
1305 2475 1705 2533 vetustissimis
1732 2474 2091 2533 caerimoniis
2110 2478 2161 2521 1⁰

99 2553 426 2631 praeditum
455 2554 780 2613 adtrectare
807 2556 1010 2618 feralia
1042 2548 1335 2615 debuisse.
1493 2569 1505 2580 ‘
1606 2599 1615 2607 .

233 2636 332 2697 63.
377 2637 496 2696 Sed
526 2635 892 2698 Germanicus
925 2640 1228 2699 cedentem
1262 2641 1319 2700 in
1348 2640 1473 2700 avia
1498 2637 1807 2699 Arminium
1834 2646 2089 2713 secutus,

99 2721 196 2780 ubi
233 2721 663 2798 primumcopia
685 2721 810 2798 fuit,
839 2722 1008 2782 evehi
1037 2724 1261 2801 equites
1285 2739 1679 2801 campumque,
1713 2740 1881 2802 quem
1908 2723 2095 2782 hostis

97 2804 426 2883 insederat,
475 2805 618 2883 eripi
647 2804 826 2865 iubet.
897 2804 1182 2867 Arminius
1208 2808 1408 2885 colligi
1446 2825 1581 2867 suos
1614 2816 1673 2865 et
1702 2807 2091 2886 propinquare

105 2888 269 2947 silvis
299 2890 546 2949 monitos
577 2890 766 2949 vertit
781 2898 1052 2968 repente:
1079 2907 1215 2949 mox
1246 2892 1469 2969 signum
1504 2891 1910 2969 prorumpendi
1935 2889 2091 2948 dedit

105 2972 172 3029 iis
217 2958 365 3049 quos
405 2990 514 3071 per
557 2972 739 3033 saltus
781 2973 1200 3034 occultaverat.
1268 2984 1401 3035 tunc
1449 2992 1597 3035 nova
1652 2976 1777 3035 acie
1834 2972 2135 3033 turbatuss

108 3072 312 3132 eques,
346 3058 672 3135 missaeque
703 3057 1080 3118 subsidiariae
1108 3058 1381 3119 cohortes
1416 3066 1473 3118 et
1486 3060 1837 3135 ·fugientium
1862 3056 2091 3133 agmine

108 3137 386 3216 impulsae
417 3150 695 3200 auxerant
727 3142 1278 3209 consternationem;
1323 3142 1809 3220 trudebanturque
1840 3144 1896 3201 in
1928 3140 2087 3217 palu-

110 3220 236 3281 dem
268 3241 500 3299 gnaram
527 3224 915 3302 vincentibus,
963 3226 1210 3303 iniquam
1239 3227 1484 3304 nesciis,
1526 3225 1584 3283 ni
1618 3223 1833 3285 Cacsar
1878 3222 2086 3301 produ-

113 3314 230 3365 ctas
255 3307 516 3384 legiones
545 3308 937 3370 instruxisset:
969 3309 1100 3369 inde
1129 3309 1391 3369 hostibus
1416 3318 1627 3383 terror,
1661 3308 1864 3368 fiducia
1894 3306 2083 3374 militi;

113 3396 168 3446 et
210 3389 469 3451 manibus
523 3395 722 3471 aequis
777 3392 1130 3453 abscessum.
1209 3410 1345 3452 mox
1393 3392 1633 3453 reducto
1688 3391 1756 3451 ad
1813 3391 2081 3450 Amisiam
2104 3403 2156 3445 ιο

29 3487 35 3495 ·
113 3476 366 3535 exercitu
402 3475 663 3552 legiones
695 3476 916 3553 classe,
953 3486 1012 3536 ut
1043 3477 1389 3555 advexerat,
1422 3485 1706 3557 reportat;
1743 3493 1877 3555 pars
1924 3476 2088 3553 equi-.
