2475 4000
678 228 889 275 mnnn
916 229 1055 275 ΧΠ.
1102 194 1254 277 cnr.
1285 214 1526 282 ‘ne—23.
1975 190 2100 283 263

102 383 511 445 certaminibus
544 383 727 442 saeris
760 381 1231 461 prohibebantur.
1293 382 1656 461 eloquentiae
1687 386 1898 463 primas
1927 404 2096 451 nemo

100 469 243 545 tulit,
261 467 366 528 sed
380 469 661 527 victorem
678 484 811 527 esse
830 464 1140 529 Caesarem
1164 469 1600 546 pronuntiatum.
1619 466 1823 529 Graeci
1842 472 2099 549 amictus,

102 555 237 632 quis·
267 570 374 631 per
404 569 509 611 eos
540 550 663 610 dies
695 551 959 630 plerique
992 552 1386 629 incesserant,
1427 560 1544 610 tum
1573 551 1968 615 exoleverunt.

221 635 323 697 22.
364 634 525 695 Inter
556 652 715 713 quae
758 643 819 694 et
860 635 1017 696 sidus
1062 644 1322 707 cometes
1375 634 1620 712 effulsit,
1665 634 1739 695 de
1787 654 1899 713 quo
1937 639 2142 716 vulgi,-

100 722 299 800 opinio
328 728 419 779 est
444 728 728 797 tamquam
759 722 1125 780 mutationem
1152 721 1314 797 regis
1345 718 1671 799 portendat.
1734 720 1906 795 igitur
1935 724 2097 799 quasi

100 808 209 865 iam
238 804 485 883 depulso
508 802 761 881 Nerone,
794 806 1054 882 quisnam
1076 803 1432 880 deligeretur
1459 802 1854 881 aliquit-ebant.
1903 813 1961 863 et
1981 822 2097 865 om-

99 892 254 949 nium
285 905 390 948 ore
422 886 723 950 Rubellius
760 887 995 948 Plautus
1028 887 1394 965 celebratur,
1427 889 1516 948 cui
1545 887 1818 947 nobilitas
1849 906 1954 967 per
1981 906 2096 949 ma·

98 983 244 1033 trem
282 991 360 1032 ex
390 971 531 1032 Iulia
576 971 808 1031 familia.
864 972 993 1051 ipse
1032 972 1248 1052 placita
1288 974 1565 1033 maiorum
1601 971 1868 1048 colebat,
1904 970 2098 1041 babitu
2122 994 2148 1034 5

97 1073 345 1135 severo,
407 1064 565 1116 casta
610 1065 669 1115 et
708 1066 935 1117 secreta
977 1056 1179 1134 domo,
1226 1065 1555 1134 quantoque
1596 1064 1750 1115 metu
1789 1056 2097 1132 occultior,

96 1151 255 1201 tanto
282 1140 413 1219 plus
435 1139 625 1199 famae
650 1139 912 1219 adeptus.
958 1141 1115 1200 auxit
1134 1156 1426 1199 rumorem
1448 1141 1574 1219 pari
1596 1141 1844 1200 vanitate
1869 1148 1994 1201 orta
2016 1141 2098 1199 in-

34 1262 36 1269 ·
94 1226 437 1304 terpretatio
460 1223 720 1299 fulguris.
768 1241 897 1283 nam
922 1224 1054 1303 quia
1077 1222 1486 1285 discumbentis
1508 1223 1760 1283 Neronis
1781 1223 1933 1302 apud
1951 1224 2098 1292 ¹Sim-

96 1310 297 1368 bruina
320 1316 523 1385 stagna
546 1308 611 1367 in
631 1307 805 1383 villa,
836 1308 927 1367 eui
952 1306 1339 1386 Sublaqueum
1365 1326 1576 1368 nomen
1599 1315 1709 1383 est,
1739 1310 1892 1367 ictae
1917 1308 2100 1387 dapes

94 1410 407 1471 mensaque
433 1391 675 1451 disiecta
696 1400 842 1469 erat,
868 1391 1039 1471 idque
1065 1392 1272 1452 finibus
1291 1392 1586 1453 Tiburtum
1606 1391 1917 1471 acciderat,
1948 1392 2097 1453 uu'de
2118 1419 2168 1461 ιο

96 1488 339 1557 paterna
367 1476 569 1536 Plauto
601 1478 807 1554 origo,
840 1476 993 1537 hunc
1024 1476 1183 1537 illum
1210 1478 1436 1537 numine
1468 1477 1636 1537 deum
1666 1475 1942 1537 destinari
1971 1494 2095 1536 cre-

94 1560 341 1637 debant,
388 1560 781 1640 foyebantque
810 1560 1001 1637 multi,
1049 1560 1256 1639 quibus
1283 1578 1435 1621 nova
1465 1570 1525 1622 et
1550 1561 1820 1639 ancipitia
1851 1577 2096 1638 praeco·
2141 1582 2162 1595 ·

93 1646 219 1706 lere
250 1644 416 1705 avida
442 1654 501 1703 et
521 1645 861 1723 plerumque
884 1643 1067 1705 fallax
1092 1646 1326 1706 ambitio
1359 1654 1466 1706 est.
1513 1663 1658 1723 ergo
1685 1654 1979 1724 permotus
2007 1644 2098 1703 his

92 1730 255 1789 Nero
303 1730 597 1808 componit
640 1730 711 1790 ad
751 1729 1009 1791 Plautum
1051 1730 1282 1807 literas,
1335 1729 1669 1790 consuleret
1713 1730 1890 1807 quieti
1936 1727 2096 1791 urbis

92 1830 277 1892 seque
322 1829 503 1891 prava
551 1812 973 1875 diffamantibus
1014 1813 1407 1874 subtraheret:
1451 1830 1584 1872 esse
1627 1812 1710 1872 illi
1759 1830 1866 1890 per
1895 1811 2094 1875 Asiam
2117 1839 2165 1881 15

92 1899 281 1957 avitos
312 1914 521 1974 agros,
554 1899 615 1958 in'
636 1896 843 1976 quibus
869 1906 987 1957 tuta
1013 1906 1071 1956 et
1092 1896 1378 1958 inturbida
1409 1899 1641 1955 iuventa
1662 1895 1971 1955 frueretur.
2017 1898 2095 1956 ita

90 1981 233 2042 illuc
265 2000 391 2041 cum
422 1982 672 2060 coniuge
703 1982 958 2042 Antistia
988 1990 1047 2040 et
1078 1983 1278 2061 paucis
1308 1978 1668 2056 familiarium
1697 1979 2008 2040 concessit.

212 2065 405 2126 Isdem
447 2064 649 2125 diebus
690 2068 861 2126 nimia
901 2065 1069 2125 luxus
1114 2065 1324 2142 cupido
1355 2064 1642 2124 infamiam
1689 2071 1746 2121 et
1775 2061 2116 2140 periculum*

88 2148 313 2208 Neroni
341 2146 499 2224 tulit,
546 2151 677 2226 quia
720 2149 937 2208 fontem
970 2167 1154 2227 aquae
1183 2148 1440 2208 Marciae
1476 2146 1548 2207 ad
1580 2146 1780 2207 urbem
1811 2145 2092 2206 deductae

88 2230 285 2290 nando
314 2231 661 2300 incesserim
704 2231 1121 2312 videbaturque
1152 2242 1325 2311 potus
1366 2248 1568 2293 sacros
1601 2240 1660 2291 et
1689 2231 2092 2292 caerimoniam
2110 2257 2162 2298 20

90 2315 213 2376 loci
246 2330 497 2390 corpore
528 2315 649 2374 loto
680 2315 984 2395 polluisse.
1048 2326 1363 2395 secutaque
1399 2333 1618 2395 anceps
1647 2315 1918 2378 valetudo
1949 2317 2092 2376 iram

90 2399 261 2459 deum
300 2397 637 2458 adfirmavit.

218 2481 319 2543 23.
364 2482 441 2541 At
486 2480 743 2545 Corbulo
790 2493 925 2562 post
979 2483 1169 2544 deleta
1192 2484 1490 2545 ‘Artaxata
1543 2483 1812 2544 utendum
1867 2485 2092 2545 recenti

90 2576 331 2627 terrore'
349 2575 506 2626 ratus
538 2567 613 2628 ad
642 2567 981 2646 occupanda
1008 2567 1456 2645 Tigranocerta,
1488 2568 1694 2647 quibus
1725 2567 1943 2630 excisis
1975 2583 2090 2625 me-

90 2659 207 2709 tum
236 2650 485 2710 hostium
508 2651 836 2712 intenderet
864 2652 981 2728 vel,
1012 2655 1060 2713 si
1092 2655 1482 2733 pepercisset,
1516 2652 1855 2711 clementiae
1884 2650 2094 2728 famam

92 2732 539 2813 adipisceretur,
586 2735 729 2796 illue
774 2739 1003 2815 pergit,
1044 2754 1161 2796 non
1205 2736 1436 2798 infenso
1479 2737 1772 2810 exercitu,
1823 2752 1896 2794 ne
1927 2751 2094 2813 spem

90 2820 295 2878 veniae
330 2818 620 2897 auferret,
660 2837 851 2898 neque
896 2829 1084 2880 tamen
1110 2820 1372 2882 'remissa
1405 2838 1576 2896 cura,
1619 2837 1833 2897 gnarus
1863 2818 2092 2880 facilem
2115 2846 2140 2884 5

90 2911 301 2962 mutatu
328 2910 598 2980 gentem,
631 2912 693 2966 ut
723 2921 964 2980 segnem
996 2903 1068 2964 ad
1101 2905 1399 2983 pericula,
1440 2904 1518 2964 ita
1547 2904 1779 2965 infidam
1811 2901 1886 2963 ad
1919 2919 2090 2962 occa-

94 2986 307 3046 siones.
380 2986 649 3064 barbari,
696 3004 803 3067 pro
850 2989 1087 3064 ingenio
1130 2990 1410 3068 quisque,
1455 2987 1552 3050 alii
1596 3005 1807 3066 preces
1853 2986 2089 3059 offerre,

92 3069 319 3146 quidam
360 3071 637 3132 deserere
681 3072 847 3131 vicos
894 3081 953 3131 et
997 3074 1054 3131 in
1099 3074 1229 3134 avia
1269 3072 1524 3150 digredi;
1569 3089 1640 3132 ac
1676 3070 1841 3132 fuere
1885 3071 1982 3148 qui
2025 3085 2094 3129 se

93 3153 384 3230 speluncis
426 3164 485 3216 et
514 3155 811 3217 carissima
848 3173 1049 3216 secum
1078 3155 1376 3217 abderent.
1442 3157 1618 3233 igitur
1649 3155 1763 3215 dux
1798 3155 2092 3215 Romanus

93 3234 335 3300 diversis
367 3239 623 3318 artibus,
666 3240 1063 3304 misericordia
1092 3241 1374 3301 adversus
1403 3240 1736 3318 supplices,
1788 3237 2162 3312 celeritatem

94 3319 367 3383 adversus
410 3325 727 3403 profugos,
772 3325 987 3384 inmitis
1028 3326 1099 3384 iis
1144 3326 1241 3403 qui
1283 3323 1539 3384 latebras
1580 3321 1946 3398 insederant,
1987 3335 2088 3380 ora

94 3411 153 3462 et
200 3406 389 3467 exitus
436 3426 715 3487 specuum
776 3410 1079 3468 sarmentis
1134 3408 1518 3488 virgultisque
1581 3405 1906 3485 completos
1969 3405 2090 3482 igni

92 3490 297 3555 exurit.
358 3499 533 3570 atque
576 3493 735 3554 illum
778 3493 923 3553 lines
968 3510 1109 3553 suos
1160 3492 1667 3572 praegredientem
1715 3492 2090 3552 incursavere
