2475 4000
2155 171 2184 195 Χ

371 185 450 246 80
840 193 1169 242 conum-,11
1202 193 1442 242 TACITI
1469 193 1833 241 ANNALIUM

368 350 541 424 foret,
575 355 701 417 cuni
732 347 936 407 classis
968 347 1239 425 paulatim
1269 347 1584 422 successit,
1614 346 1972 421 non'alacri,
2005 354 2066 404 ut
2096 344 2358 420 adsolet,

300 429 631 508 w‘remigio,
664 430 769 489 sed
803 433 1020 490 cunctis
1059 430 1131 490 ad
1161 432 1443 490 tristitiam
1477 428 1832 508 compositis:
1881 437 2191 508 postquam
2214 429 2360 488 duo-

343 517 472 575 bus
511 531 637 575 cum
668 513 887 590 liberiS‚
922 513 1164 574 feralem
1194 532 1390 582 urnam
1415 523 1654 590 tenenS,
1697 529 1939 590 egressa
1978 513 2110 571 navi
2153 513 2366 572 defixit

366 599 604 672 oculos,
638 599 787 657 idem
818 598 1059 658 omnium
1088 599 1364 674 gemitus;
1407 615 1595 674 neque
1638 597 2000 668 discerneres
2050 598 2362 672 proximos

366 683 609 757 alienos,
646 683 897 740 virorum
929 681 1334 740 feminarumve
1366 681 1660 758 planctus,
1695 680 1803 738 nisi
1834 678 1986 761 quod
2017 681 2362 738 comitatum

365 765 927 844 Agrippinaelongo
962 781 1229 824 maerore
1259 765 1475 827 fessum
1507 763 1662 822 obvii
1693 765 1754 822 et
1773 771 2040 822 recentes
2062 763 2116 820 in
2143 763 2364 822 dolore

278 850 671 912 „20.anteibant.

318 1003 326 1020 ¹
418 954 426 1008 ¹,
491 933 549 992 2.
596 932 831 992 Miserat
875 932 1015 990 duas
1059 933 1382 1010 praetorias
1426 930 1701 989 cohortes
1739 927 1986 1004 Caesar,
2043 928 2241 988 addito
2302 940 2366 988 ut

367 1019 729 1094 magistratus
781 1013 1085 1074 Calabriae
1128 1014 1422 1093 Apulique
1477 1023 1536 1072 et
1577 1012 1850 1092 Campani
1891 1030 2163 1092 suprema
2211 1029 2365 1089 erga

364 1101 697 1160 memoriam
738 1098 837 1157 filii
881 1099 965 1156 sui
1009 1116 1241 1157 munera
1297 1099 1690 1176 fungerentur.
1773 1097 1942 1174 igitur
1997 1096 2364 1156 tribunorum

368 1177 874 1260 centurionumque
912 1183 1123 1241 umeris
1173 1184 1400 1241 eineres
1458 1180 1858 1259 portabantur;
1917 1177 2365 1258 praecedebant

320 1285 345 1324 5
369 1267 867 1345 incomptasigna,
900 1266 1055 1325 versi
1087 1266 1312 1335 fasces;
1357 1275 1531 1343 atque
1562 1263 1658 1321 ubi
1693 1263 1952 1324 colonias
1977 1263 2360 1338 transgrede-

366 1360 578 1425 rentur,
610 1357 801 1408 atrata
819 1349 1045 1427 plebes,
1078 1349 1324 1408 trabeati
1353 1349 1577 1426 equites
1610 1365 1715 1425 pro
1745 1345 1950 1425 opibus
1987 1347 2104 1406 loci
2123 1353 2360 1404 vestem

370 1433 581 1491 odores
613 1431 839 1508 aliaque
869 1432 1127 1490 funerum
1163 1433 1466 1492 sollemnia
1499 1430 1846 1490 cremabant.
1904 1431 2075 1490 etiam
2109 1446 2360 1506 quorum

368 1517 595 1575 diversa
626 1515 874 1593 oppida,
904 1515 1094 1574 tamen
1128 1515 1285 1574 obvii
1315 1525 1374 1574 et
1415 1516 1676 1574 victimas
1715 1523 1888 1592 atque
1932 1531 2060 1573 aras
2099 1512 2185 1572 dis
2229 1530 2357 1571 ma-

367 1597 530 1658 nibus
563 1606 879 1657 statuentes
911 1598 1159 1656 lacrimis
1190 1607 1250 1657 et
1281 1596 1824 1658 conclamationibus
1869 1596 2128 1656 dolorem
2171 1605 2358 1655 testa-

299 1691 349 1736 10
369 1682 591 1742 bantur.
649 1679 871 1740 Drusus
906 1679 1270 1741 Tarracinam
1298 1699 1646 1780 progressus
1677 1689 1766 1739 est
1799 1699 1923 1739 cum
1959 1678 2198 1738 Claudio
2238 1679 2359 1738 fra-

369 1775 457 1824 tre
486 1764 805 1842 liberisque
838 1763 1191 1840 Germanici,
1235 1767 1331 1843 qui
1377 1766 1433 1823 in
1475 1763 1618 1824 urbe
1647 1764 1892 1824 fuerant.
1957 1763 2230 1822 consules
2273 1761 2358 1822 M.

367 1848 633 1907 Valerius
667 1857 725 1908 et
754 1847 833 1908 ln·
870 1847 1143 1907 Aurelius
1184 1844 1326 1928 (iam
1357 1849 1504 1907 enim
1535 1849 1924 1925 magistratum
1965 1848 2359 1925 occeperant)

370 1941 427 1992 et
456 1942 688 1992 senatus
720 1951 788 1992 ac
820 1949 1023 2009 magna
1054 1949 1189 2011 pars
1222 1931 1424 2012 populi
1443 1933 1601 1999 ‚viam
1626 1931 2005 2010 conplevere,
2037 1930 2262 1990 disiecti
2299 1939 2364 1988 et

370 2025 427 2076 ut
472 2019 677 2095 cuique
721 2016 943 2076 libitum
990 2016 1227 2086 flentes;
1287 2017 1488 2076 aberat
1538 2016 1752 2094 quippe
1803 2015 2085 2089 adulatio,
2154 2016 2362 2090 gnaris

300 2115 348 2155 15
375 2101 637 2167 omnibus,
668 2100 875 2159 laetam
913 2100 1145 2160 Tiberio
1178 2100 1500 2161 Germanici
1529 2108 1771 2158 mortem
1799 2098 1950 2157 male
1989 2097 2358 2157 dissimulari.

494 2184 551 2243 3.
589 2182 855 2242 Tiberius
906 2193 1077 2261 atque
1122 2184 1382 2261 Augusta
1426 2182 1676 2261 publico'
1708 2181 2072 2258 abstinuere,
2115 2182 2364 2241 inferius

368 2266 667 2325 maiestate
713 2284 815 2325 sua
854 2267 989 2343 rati,
1034 2267 1083 2328 si
1125 2268 1312 2345 palam
1355 2268 1829 2340 lamentarentur,
1877 2284 1947 2325 an
1993 2282 2066 2323 ne
2107 2265 2364 2323 omnium

369 2348 554 2408 oculis
582 2350 798 2410 vultum
840 2368 1039 2410 eorum
1082 2351 1466 2411 scrutantibus
1507 2349 1640 2408 falsi
1683 2348 2174 2424 intellegerentur.
2236 2366 2358 2406 ma-

368 2444 511 2493 trem
542 2432 844 2493 Antoniam
875 2452 997 2494 non
1020 2434 1173 2513 apud
1216 2444 1484 2493 auctores
1526 2450 1749 2508 rerum,
1795 2449 1910 2491 non
1953 2432 2150 2492 diurna
2191 2439 2357 2490 acto·

323 2536 349 2574 5
374 2534 493 2576 rum
524 2518 807 2595 scriptura
838 2519 1069 2596 reperio
1101 2516 1267 2576 ullo
1251 2517 1458 2592 insigni
1491 2516 1684 2575 officio
1715 2477 1988 2599 f’unctam,
2018 2534 2147 2576 cum
2175 2533 2362 2594 super
2466 2584 2467 2599 χ

370 2600 742 2697 Agrippinam
774 2610 830 2660 et
857 2601 1108 2660 Drusum
1137 2609 1193 2659 et
1228 2597 1525 2659 Claudium
1551 2601 1730 2658 ceteri
1755 2615 1984 2677 quoque
2012 2600 2360 2675 consangui-

368 2684 461 2743 nei
507 2687 831 2744 nominatim
873 2683 1183 2763 perscripti
1226 2684 1368 2757 sint,
1417 2700 1544 2741 seu
1564 2682 1890 2741 valetudine
1932 2682 2361 2761 praepedieba-

366 2777 479 2842 tur,
513 2786 615 2827 seu
648 2770 834 2827 victus
866 2768 1021 2827 luctu
1052 2766 1269 2825 animus
1300 2766 1741 2842 magnitudinem
1770 2765 1902 2825 mali
1934 2767 2202 2844 perferre
2224 2765 2362 2825 visu
2466 2826 2467 2841 χ

368 2867 481 2909 ιιοιι
510 2851 800 2910 toleravit.
875 2849 1101 2909 facilius
1148 2841 1492 2908 crediderim
1535 2848 1769 2908 Tiberio
1814 2858 1874 2908 et
1918 2848 2210 2927 Augusta,
2259 2850 2364 2927 qui
2466 2844 2467 2855 ’

301 2949 351 2989 10
371 2933 539 2993 domo
581 2950 697 2993 non
744 2930 1137 3009 excedebant,
1187 2931 1528 3008 cohibitam,
1572 2941 1631 2991 ut
1675 2950 1782 3030 par
1809 2950 2038 2993 maeror
2070 2942 2129 2993 et
2157 2934 2360 2992 matris

370 3017 641 3096 exemplo
677 3017 802 3075 avia
838 3032 1071 3094 quoque
1109 3025 1167 3074 et
1199 3025 1432 3093 patruus
1465 3017 1690 3076 attineri
1720 3016 2073 3077 viderentur.

489 3103 549 3160 4.
596 3098 770 3175 Dies,
793 3116 908 3178 quo
940 3099 1220 3177 reliquiae
1251 3102 1466 3160 tumulo
1495 3100 1742 3177 Augusti
1776 3100 2204 3177 inferebantur,
2236 3117 2362 3159 mo·

339 3178 441 3242 'do
484 3202 593 3261 per
646 3183 930 3242 silentium
984 3192 1215 3261 vastus,
1269 3185 1440 3244 modo
1496 3182 1816 3261 ploratibus
1870 3185 2125 3262 inquies;
2185 3184 2370 3263 plena

368 3266 525 3325 urbis
576 3267 807 3345 itinera,
850 3266 1223 3327 conlucentes
1269 3286 1377 3347 per
1415 3285 1675 3344 campum
1715 3266 1919 3329 Martis
1969 3268 2154 3328 faces.
2237 3267 2368 3327 illic

370 3350 536 3409 miles
578 3368 703 3408 cum
748 3352 948 3428 armis,
991 3352 1114 3411 sine
1157 3351 1474 3436 insignibus
1514 3352 1916 3427 magistratus,
1968 3352 2222 3430 populus
2253 3369 2368 3431 per

318 3431 544 3493 sti-ibus
593 3435 917 3495 concidisse
961 3454 1081 3495 rem
1122 3427 1442 3529 publicam,
1487 3434 1625 3493 nihil
1667 3436 1797 3513 spei
1836 3434 2118 3513 reliquum
2161 3435 2339 3495 clami
