2475 4000
408 221 487 283 28
904 233 1241 283 columna
1265 231 1497 281 TAcrn
1519 231 1881 280 ANNALmM

411 399 469 449 et
498 397 729 448 ceteros
760 403 1042 466 proceres
1072 389 1346 448 vinciret:
1393 389 1531 448 nihil
1562 403 1823 448 ausuram
1855 385 2090 464 plebem
2123 387 2457 485 principi

343 491 390 530 10
410 473 517 532 bus
550 474 771 550 amotiS,
810 481 979 550 atque
1016 473 1126 549 ipsi
1155 481 1384 549 tempus
1413 472 1562 546 fore,
1601 489 1714 551 quo
1747 471 1982 529 crimina
2029 478 2088 528 et
2128 471 2457 528 innoxios

409 557 781 616 discerneret.
843 556 949 615 sed
976 555 1163 614 Varus
1215 556 1335 615 fato
1381 563 1439 615 et
1477 558 1533 614 vi
1564 555 1781 614 Armini
1823 553 2062 613 cecidit:
2111 555 2440 631 Segestes

410 657 745 718 quamquam
780 655 1066 699 consensu
1102 641 1291 715 gentis
1321 641 1377 698 in
1416 638 1633 699 bellum
1664 646 1886 698 tractus
1935 637 2160 697 discors
2209 653 2459 696 mane-1

409 725 525 799 bat,
561 725 743 782 auctis
772 724 1033 802 privatim
1064 723 1233 797 odiis,
1270 723 1423 801 quod
1454 722 1740 781 Arminius
1775 721 1948 781 filiam
1993 721 2118 779 eius
2162 720 2283 779 alii
2326 739 2440 799 pa-

312 864 321 874 ,
410 817 557 878 ctam
584 815 889 884 rapuerat,
937 814 1121 882 gener
1158 807 1375 865 invisus
1409 807 1618 865 inimici
1664 806 1884 873 soceri;
1929 821 2200 883 quaeque
2257 806 2438 883 apud

341 908 391 948 15
410 891 735 950 concordes
767 890 992 949 vincula
1024 891 1299 966 caritatis,
1330 891 1694 950 incitamenta
1723 892 1930 949 irarum
1956 888 2106 966 apud
2131 888 2461 974 infensos}

408 984 586 1035 erant.
2460 979 2461 1030 ἒ

531 1059 630 1120 56.
676 1055 855 1134 Igitur
879 1055 1249 1117 Germanicus
1296 1058 1898 1135 quattuor,legiones,
1925 1057 2196 1134 ’quinque
2251 1059 2434 1114 auxi-

406 1143 626 1203 liarium
657 1141 809 1201 milia
846 1150 903 1200 et
929 1142 1320 1202 tumultuarias
1363 1150 1626 1202 catervas
1659 1140 2064 1200 Germanorum
2111 1140 2196 1198 cis
2255 1139 2432 1198 Rhe·
2462 1197 2463 1216 ἒ

407 1245 536 1285 num
568 1227 873 1302 colentium
907 1223 1193 1302 Caecinae
1234 1226 1436 1295 tradit;
1477 1224 1714 1285 totidem
1759 1225 2024 1300 legiones
2038 1257 2086 1302 ,5
2101 1222 2432 1300 duplicem

408 1311 695 1368 sociorum
725 1326 1015 1368 numerum
1042 1310 1171 1388 ipse
1212 1309 1397 1384 ducit,
1446 1309 1754 1388 positoque
1791 1307 2032 1366 castello
2076 1323 2272 1384 super
2317 1325 2428 1366 ve-

362 1407 385 1445 5
412 1395 581 1468 stigia
621 1394 841 1470 paterni
874 1393 1145 1468 praesidii
1176 1393 1233 1450 in
1266 1403 1457 1452 monte
1487 1391 1682 1452 Tauno
1717 1391 2046 1471 expeditum
2077 1393 2426 1450 exercitum

409 1477 465 1533 in
498 1474 739 1534 Chattos
762 1475 931 1552 rapit,
967 1481 1021 1534 L.
1055 1475 1316 1554 Apronio
1365 1477 1434 1536 ad
1477 1477 1820 1536 munitiones
1859 1475 2074 1534 viarum
2113 1481 2178 1532 et
2222 1474 2422 1533 flumi-

408 1577 537 1617 num
571 1557 797 1617 relicto.
866 1575 994 1617 nam
1017 1559 1237 1636 (rarum
1265 1560 1350 1620 illi
1383 1560 1582 1639 caelo)
1617 1561 1876 1618 siccitate
1911 1567 1968 1617 et
1991 1557 2260 1616 amnibus
2295 1575 2421 1616 mo-

410 1643 553 1702 dicis
592 1641 932 1701 inoffensum
971 1644 1082 1700 iter
1124 1653 1576 1721 properaverat,
1623 1643 1951 1721 imbresque
1985 1651 2059 1700 'et
2101 1639 2424 1700 fluminum

410 1735 607 1786 auctus
644 1725 995 1802 regredienti
1021 1726 1402 1786 metuebatur.
1457 1727 1563 1789 sed
1609 1725 1824 1787 Chattis
1871 1725 2018 1785 adeo
2069 1725 2422 1802 inprovisus

345 1825 392 1865 ιο
411 1809 672 1885 advenit,
706 1807 785 1868 'ut
828 1810 983 1888 quod
1026 1809 1376 1870 imbecillum
1422 1821 1610 1870 aetate
1654 1827 1725 1870 ac
1771 1828 1917 1869 sexu
1950 1809 2134 1869 statim
2171 1817 2422 1886 captum

410 1902 505 1952 aut
532 1894 869 1954 trucidatum
902 1894 990 1953 sit.
1043 1894 1307 1954 iuventus
1337 1893 1546 1953 flumen
1576 1894 1862 1954 Adranam
1905 1893 2092 1952 nando
2133 1893 2420 1950 tramise-

408 1987 513 2057 rat,
551 1977 958 2058 Romanosque
983 1987 1217 2058 pontem
1245 1979 1566 2057 coeptantis
1591 1977 1884 2038 arcebant.
1928 1977 2074 2036 dein
2098 1977 2423 2035 tormentis
2468 1983 2469 2019 ³

410 2065 747 2141 sagittisque
780 2064 951 2141 pulsi,
986 2064 1278 2143 temptatis
1306 2064 1518 2123 frustra
1551 2062 1985 2122 condicionibus
2023 2059 2225 2139 pacis,
2283 2078 2422 2118 cum

400 2146 636 2223 quidam
680 2148 751 2206 ad
800 2146 1195 2208 Germanicum
1238 2147 1662 2226 perfugissent,
1707 2146 1915 2224 reliqui
1961 2144 2190 2204 omissis
2237 2146 2422 2222 pagis

342 2248 391 2286 15
410 2228 670 2306 vicisque
702 2230 757 2286 in
802 2230 981 2287 silvas
1026 2230 1452 2309 disperguntur.
1515 2229 1734 2290 Caesar
1776 2230 2014 2288 incenso
2061 2226 2268 2287 Mattio
2325 2228 2420 2303 (id

410 2312 568 2387 genti
600 2315 798 2391 caput)
832 2321 1031 2389 aperta
1060 2314 1374 2392 populatus
1414 2316 1588 2374 vertit
1638 2314 1709 2373 ad
1753 2310 2042 2385 Rhenum,
2099 2327 2218 2369 non
2262 2328 2420 2369 auso

411 2395 577 2453 hoste
608 2403 773 2495 terga
807 2394 1130 2455 abeuntium
1173 2398 1507 2473 lacessere,
1552 2396 1706 2475 quod
1746 2396 1830 2455 illi
1870 2398 2076 2469 moriS,
2128 2396 2421 2472 quotiens

411 2487 536 2537 astu
553 2482 748 2579 ’magis
783 2497 946 2558 quam
980 2496 1086 2557 per
1114 2479 1474 2540 formidinem
1507 2480 1705 2541 cessit.
1771 2480 1956 2539 fuerat
2002 2479 2220 2538 animus
2255 2474 2419 2535 Che-

410 2564 599 2621 ruscis
626 2564 823 2623 iuvare
856 2562 1113 2637 ChattoS,
1146 2563 1254 2621 sed
1287 2566 1565 2622 exterruit
1595 2560 1844 2623 Caecina
1875 2563 1988 2622 huc
2017 2562 2154 2621 illuc
2204 2561 2422 2620 ferens

342 2660 391 2699 20
411 2662 595 2712 arma;
629 2656 686 2705 et
721 2646 945 2705 Marsos
977 2645 1256 2721 congredi
1285 2662 1458 2705 ausos
1491 2662 1780 2723 prospero
1812 2646 2038 2724 proelio
2067 2644 2362 2705 cohibuit.
2400 2678 2409 2686 -

534 2730 632 2787 57.
680 2728 885 2822 Neque
930 2728 1105 2787 multo
1152 2736 1286 2825 post
1329 2728 1506 2805 legati
1549 2748 1580 2788 a
1629 2730 1878 2807 Segeste
1927 2736 2206 2787 venerunt
2246 2728 2420 2785 auxi-

411 2812 545 2871 lium
576 2813 806 2871 orantes
853 2812 1130 2871 adversus
1175 2812 1289 2869 va
1327 2813 1720 2890 popularium,
1769 2830 1800 2873 a
1844 2814 1970 2891 quis
2011 2810 2420 2871 circumsede-

408 2894 595 2975 batur,
625 2894 908 2954 validiore
940 2895 1088 2973 apud
1117 2912 1221 2954 eos
1255 2894 1530 2973 Arminio,
1559 2897 1823 2976 quoniam
1846 2895 2061 2955 bellum
2087 2893 2420 2953 suadebat:

408 2996 536 3038 nam
577 2977 868 3053 barbaris,
916 2986 1126 3055 quanto
1172 2980 1299 3056 quis
1350 2980 1584 3040 audacia
1633 2989 1968 3059 promptuS,
2011 2986 2167 3037 tanto
2218 2972 2421 3053 magis

361 3062 555 3121 5fidus
579 3061 897 3145 rebusque
903 3062 1067 3121 motis
1100 3064 1294 3140 potior
1324 3064 1584 3123 habetur.
1647 3064 1944 3123 addiderat
1986 3064 2274 3159 Segestes
2323 3062 2417 3120 le-

412 3146 559 3221 gatis
604 3144 808 3221 filium,
869 3146 1095 3205 nomine
1136 3146 1571 3223 Segimundum:
1631 3148 1733 3207 sed
1777 3147 2000 3206 iuvenis
2047 3144 2422 3204 conscientia

413 3227 803 3290 cunctabatur.
866 3230 1080 3307 quippe
1118 3247 1265 3290 anno
1310 3248 1422 3309 quo
1460 3230 1800 3291 Germaniae
1851 3229 2158 3290 descivere
2205 3244 2418 3286 sacer-

413 3311 517 3371 dos
549 3312 698 3389 apud
732 3328 885 3372 aram
912 3312 1187 3373 Ubiorum
1220 3324 1450 3374 creatus
1481 3323 1716 3393 ruperat
1755 3314 1960 3387 vittas,
2006 3311 2308 3409 profugus
2337 3310 2418 3369 ad

411 3394 687 3455 rebelleS.
747 3396 1021 3457 adductus
1056 3406 1244 3457 tamen
1279 3398 1336 3456 in
1367 3413 1530 3474 spem
1563 3397 1901 3457 clementiae
1931 3394 2224 3455 Romanae
2268 3412 2414 3471 per-

347 3488 395 3529 10
416 3477 541 3536 tulit
569 3480 747 3556 patris
778 3481 1038 3541 mandata
1072 3480 1439 3558 benigneque
1473 3491 1752 3559 exceptus
1785 3498 1910 3539 cum
1943 3478 2232 3559 praesidio
2271 3476 2416 3537 Gal-
