2475 4000
632 239 775 286 mne
800 239 891 286 ιν.
928 240 1075 288 οΑΡ.
1110 223 1422 292 74—1213.
1451 243 1514 289 v.
1542 245 1690 294 car.
1722 246 1777 298 2.
2077 237 2199 300 149

592 476 1279 558 CORNELII
1341 458 1842 577 TA.C1T1'

700 634 793 697 AB
845 633 1143 700 EXCESSU
1196 636 1343 700 DIVI
1395 636 1694 702 AUGUSTI
1837 705 1846 711 ,

490 777 578 870 Α
685 775 773 869 N
875 777 963 870 N
1067 779 1153 872 A
1259 780 1343 874 L
1449 782 1498 874 ι
1602 782 1692 875 U
1739 902 1750 912 ‚
1793 784 1903 878 M
2003 751 2013 760 '‘

674 949 922 1017 LIBRI
949 951 1028 1014 v.
1080 951 1730 1044 ERAeMENTUM.

216 1261 626 1312 BREVIARIUM.
666 1261 783 1327 Cap.
817 1263 863 1314 1.
914 1263 1087 1312 Liviae
1120 1265 1384 1331 Augustae
1415 1281 1550 1316 mors
1582 1275 1628 1316 et
1663 1268 1898 1334 elogium.
1959 1269 2008 1317 2.
2043 1267 2190 1320 Tibe—-

276 1332 376 1380 rius
408 1331 555 1378 etiam
584 1339 809 1378 mortuae
842 1330 1061 1394 iniquus.
1118 1333 1166 1384 3.
1210 1333 1377 1384 Seiani
1412 1337 1633 1400 potentia
1658 1339 1850 1386 crescit.
1903 1337 2188 1402 Agrippina.

268 1407 371 1515 ξι
356 1399 485 1447 Nero
524 1413 555 1446 a
585 1399 810 1462 principe
845 1409 1158 1451 accusantur
1196 1395 1269 1452 4.
1302 1403 1440 1453 5.1n
1467 1419 1554 1453 eos
1579 1405 1754 1470 populi
1775 1405 1920 1454 favor
1943 1407 2070 1454 irato
2101 1403 2188 1452 Ti·-

304 1468 426 1516 erio.
667 1481 679 1512 ι

198 1589 208 1594 ,
367 1535 502 1584 Haec
535 1545 680 1600 gesta
712 1538 765 1587 G.
804 1538 1039 1588 Rubellio
1063 1537 1270 1590 Gemino
1307 1541 1358 1592 G.
1391 1542 1530 1592 Fufio
1566 1540 1772 1592 Gemino
1810 1557 1970 1594 coss.-
1957 1541 2188 1600 ,desunt

268 1605 463 1668 reliqua
492 1613 636 1669 gesta
669 1608 775 1655 eius
812 1608 930 1656 anni
962 1616 1010 1655 et
1040 1611 1296 1671 sequentis
1329 1609 1397 1659 Μ.
1426 1609 1640 1660 Vinucio
1668 1611 1904 1670 Quartino
1931 1609 1982 1659 C.
2011 1609 2185 1658 Cassio

266 1672 497 1737 Longino
543 1687 672 1723 coss.
727 1669 858 1724 Num
887 1675 1011 1723 liber
1043 1678 1245 1739 quintus
1277 1679 1425 1727 etiam
1455 1695 1537 1728 res
1573 1687 1746 1744 gestas
1781 1678 2037 1742 seq-uentis
2068 1677 2186 1726 anni

266 1741 343 1791 Ti.
371 1739 587 1790 Caesare
612 1742 657 1790 V
680 1742 737 1791 L.
766 1743 909 1792 Aelio
942 1741 1122 1794 Seiano
1166 1761 1296 1796 coss.
1340 1761 1500 1810 nsque
1527 1749 1592 1796 ad
1616 1756 1828 1796 mortem
1852 1746 2021 1796 Seiani
2049 1759 2186 1794 com-

266 1811 473 1878 plexus
478 1811 560 1870 sit,
589 1811 869 1875 ignoratur.

329 1907 382 1964 1.
422 1905 692 1966 Rubellio
728 1917 798 1966 et
842 1908 1005 1968 Fufio
1048 1867 1412 1986 oonsulibus,
1458 1924 1718 1986 quorum
1735 1911 1960 1985 utrique
2003 1909 2188 1970 Gemi-

186 2006 302 2051 'nus
353 1978 797 2067 cognomentum
838 2002 994 2070 erat,
1038 1991 1180 2053 Iulia
1209 1993 1472 2070 Augusta
1502 2002 1746 2051 mortem
1786 1991 1961 2066 obiit,
2001 2000 2190 2051 aetate

203 2084 493 2150 extrema,
534 2075 845 2134 nobilitatis
884 2094 992 2157 per
1037 2075 1332 2136 Claudiam
1371 2076 1640 2135 familiam
1671 2085 1729 2134 et
1758 2076 2067 2152 adoptione
2101 2074 2188 2133 Li-

202 2151 422 2217 v'iorum
461 2158 846 2239 Iuliorumque
884 2160 1255 2220 clarissimae.
1313 2161 1554 2238 primum
1587 2162 1641 2219 ei
1677 2160 2090 2219 matrimonium
2131 2166 2190 2216 et

201 2242 369 2302 liberi
413 2242 579 2301 fuere
624 2262 750 2301 eum
793 2243 1025 2302 Tiberio
1059 2243 1324 2319 Nerone,
1371 2245 1465 2322 qui
1494 2244 1652 2303 bello
1682 2243 1961 2302 Perusino
1994 2242 2186 2321 profu·
2208 2260 2232 2299 5
2315 2275 2320 2283 -

200 2345 331 2403 guS‚
366 2342 517 2403 pace
548 2327 695 2384 inter
730 2327 867 2385 Sex.
898 2326 1231 2425 Pompeium
1267 2344 1339 2387 ao
1367 2330 1690 2415 triumviros
1719 2335 1887 2405 pacta
1910 2328 1967 2385 in
1991 2325 2188 2385 ufbem

199 2410 386 2468 rediit.
452 2410 601 2467 exim
632 2408 848 2469 Caesar
884 2402 1151 2488 cupidine
1184 2411 1407 2479 formae
1443 2396 1631 2470 aufert
1654 2414 1874 2484 marito,
1909 2412 2189 2468 incertum

201 2511 269 2553 an
309 2492 573 2569 invitam,
614 2493 760 2552 adeo
807 2497 1096 2593 properus
1142 2504 1201 2553 ut
1246 2511 1319 2553 ne
1360 2497 1546 2573 spatio
1591 2492 1816 2573 quidem
1862 2492 1932 2553 ad
1975 2496 2188 2550 eniten-

200 2577 329 2657 dum
358 2576 491 2635 dato
527 2576 825 2654 penatibus
858 2578 973 2637 suis
1007 2578 1306 2654 gravidam
1338 2578 1641 2637 induxerit.
1703 2576 1913 2635 nullam
1943 2575 2190 2655 posthae

200 2660 467 2719 subolem
517 2659 720 2737 edidit,
788 2659 892 2719 sed
946 2663 1208 2739 sanguini
1261 2662 1510 2739 Augusti
1572 2680 1679 2739 per
1731 2660 2188 2719 coniunctionem
2211 2676 2258 2715 ιο

198 2744 560 2822 Agrippinae
600 2754 659 2803 et
702 2742 1024 2806 Germanici
1070 2746 1293 2807 adnexa
1329 2760 1658 2805 communes
1704 2752 2061 2822 pronepotes
2091 2741 2188 2799 ha-

198 2828 337 2887 buit.
403 2829 703 2887 sanctitate
738 2828 939 2889 domus
968 2830 1220 2907 priscum
1253 2829 1324 2889 ad
1351 2846 1601 2906 morem,
1638 2823 1818 2888 comis
1847 2827 1996 2885 ultra
2026 2842 2192 2904 quam

198 2912 446 2990 antiquis
482 2911 708 2970 feminis
751 2911 1082 2991 probatum,
1130 2922 1330 2972 mater·
1353 2913 1655 2991 inpotens,
1711 2928 1860 2969 uxor
1906 2910 2094 2969 facilis
2136 2916 2194 2966 et

201 3014 328 3054 oum
369 2994 584 3054 artibus
622 2997 837 3071 mariti,
886 2995 1246 3055 simulatione
1291 2996 1391 3055 filii
1428 2996 1578 3054 bene
1619 2995 1961 3073 composita.
2020 2992 2190 3051 funus

198 3081 325 3138 eius
354 3078 661 3152 modicum,
694 3087 1091 3141 testamentum
1120 3078 1215 3136 diu
1246 3081 1474 3138 inritum
1504 3080 1626 3138 fuit.
1695 3076 1920 3138 laudata
1954 3085 2044 3135 est
2077 3092 2186 3153 pro
2209 3086 2258 3130 ιε,

198 3164 407 3221 rostris
440 3180 473 3221 a
499 3161 642 3222 Gaio
669 3161 923 3221 Caesare
956 3170 1300 3241 pronepote,
1334 3165 1427 3240 qui
1453 3180 1590 3222 mox
1617 3179 1806 3221 rerum
1835 3160 2050 3239 potitus
2083 3168 2188 3217 est.

324 3246 384 3305 2.
431 3245 509 3305 At
551 3244 869 3321 Tiberius,-
905 3244 1056 3323 quod
1100 3248 1384 3323 supremis
1437 3244 1494 3305 in
1545 3254 1782 3305 matrem
1837 3244 2048 3303 officiis
2093 3242 2190 3301 de·

198 3330 433 3407 fuisset,
476 3329 614 3387 nihil
660 3336 869 3389 mutata
911 3331 1250 3388 amoenitate
1291 3330 1472 3404 vitae,
1519 3327 1962 3425 magnitudinem
2009 3344 2190 3402 nego-

199 3414 403 3472 tiorum
448 3430 557 3491 per
598 3413 798 3472 literas
832 3413 1161 3489 excusavit,
1213 3374 1584 3490 honoresque
1615 3412 1923 3470 memoriae
1958 3412 2080 3470 eius
2117 3409 2192 3469 ab

203 3506 399 3557 senatu
434 3497 625 3572 large
636 3495 907 3557 decretos
938 3496 1098 3574 quasi
1138 3500 1246 3575 per
1275 3494 1610 3557 modestiam
1643 3484 1942 3572 imminuit,
1989 3495 2196 3573 paucis
2259 3506 2264 3511 ·
