2475 4000
384 217 503 278 144
851 211 860 223 ‘
890 224 1218 272 conumn
1251 223 1483 270 nonu
1510 221 1874 270 ANNALIUM

382 383 634 454 censuit,
688 380 841 458 quod
876 398 1043 439 unum
1074 380 1433 456 urguentium
1466 376 1741 437 malorum
1783 377 2083 453 suffugium
2123 377 2182 435 in
2227 387 2359 438 tem·
2423 405 2430 416 ·

418 483 485 523 us
518 473 659 523 erat.

378 485 415 544 p
502 547 602 608 67.
647 547 725 606 At
757 527 972 606 Caesar
1005 547 1280 607 dedicatis
1312 564 1418 624 per
1453 544 1820 622 Campaniam
1865 543 2126 622 templis,
2176 562 2360 622 quam-

377 650 541 710 quam
574 631 763 691 edicto
796 633 1113 691 monuisset
1150 649 1222 689 ne
1253 631 1378 707 quis
1405 631 1653 706 quietem
1677 631 1799 687 eius
1823 629 2210 704 inrumperet,
2235 648 2359 688 con-

378 733 693 793 cursusque
728 714 1145 814 oppidanorum
1175 714 1458 792 disposito
1497 713 1673 771 milite
1711 711 2182 810 prohiberentur,
2237 732 2359 809 per:

377 817 511 859 osus
562 808 751 858 tamen
801 800 1103 877 municipia
1152 807 1210 858 et
1268 795 1527 857 colonias
1579 799 1880 873 omniaque
1930 797 1988 853 in
2053 797 2359 855 continenti

320 906 347 944 5
378 886 511 962 sita,
557 881 815 962 Capreas
856 901 920 942 se
969 885 1024 941 in
1066 881 1308 942 insulam
1350 880 1597 956 abdidit,
1640 882 1805 938 trium
1849 880 2058 938 milium
2099 881 2250 939 freto
2294 880 2357 938 ab

374 969 647 1027 extremis
680 967 995 1026 Surrentini
1026 967 1402 1046 promunturii
1438 965 1760 1024 diiunctam.
1839 963 2204 1023 solitudinem
2243 967 2356 1023 eius

372 1053 667 1130 placuisse
710 1052 956 1109 maxime
1018 1050 1389 1125 crediderim,
1447 1050 1711 1127 quoniam
1761 1049 2160 1126 inportuosum
2214 1051 2358 1107 circa

270 1191 275 1198 .
370 1154 525 1196 mare
558 1145 616 1194 et
651 1135 747 1193 vix
777 1134 1015 1194 modicis
1058 1136 1302 1211 navigiis
1347 1151 1531 1211 pauca
1577 1131 1852 1201 subsidia;
1900 1149 2087 1209 neque
2133 1132 2356 1211 adpule·
2452 1165 2453 1210 i

237 1269 242 1273 .
370 1222 441 1279 rit
491 1221 789 1297 quisquam
833 1221 939 1277 nisi
993 1237 1177 1296 gnaro
1247 1216 1505 1277 custode.
1596 1216 1740 1290 caeli
1806 1217 2124 1293 temperies
2155 1217 2355 1275 -hieme
2452 1211 2453 1270 ἲ

302 1301 353 1367 io
376 1306 521 1362 mitis
556 1303 789 1363 obiectu
818 1303 1056 1379 montis,
1102 1321 1213 1382 quo
1259 1319 1435 1381 saeva
1482 1309 1782 1360 ventorum
1832 1309 2129 1368 arcentur;
2179 1309 2355 1359 aestas

370 1389 427 1446 in
467 1387 758 1447 favonium
802 1385 1051 1445 obversa
1096 1396 1153 1445 et
1194 1395 1400 1464 aperto
1447 1387 1660 1444 circum
1715 1383 1928 1463 pelago
1983 1401 2350 1462 peramoena;

370 1467 900 1548 prospectabatque
955 1469 1396 1547 pulcherrimum
1451 1471 1661 1545 sinum,
1725 1477 2026 1546 antequam
2079 1469 2354 1531 Vesuvius

368 1570 533 1612 mons
581 1551 895 1610 ardescens
938 1553 1145 1612 faciem
1197 1553 1314 1612 loci
1358 1561 1630 1632 verteret.
1706 1551 1962 1613 Graecos
2013 1570 2080 1610 ea
2113 1553 2352 1611 tenuisse

372 1636 747 1715 Capreasque
779 1635 1055 1695 Telebois
1084 1636 1369 1696 habitatas
1396 1636 1544 1696 fama
1577 1636 1763 1696 tradit.
1825 1635 1927 1694 sed
1958 1645 2070 1694 tum
2101 1636 2353 1696 Tiberius

302 1741 349 1781 15
373 1720 671 1780 duodecim
712 1719 973 1779 villarum
1016 1719 1340 1781 nominibus
1387 1729 1445 1779 et
1490 1720 1736 1781 molibus
1783 1720 2112 1797 insederat,
2158 1727 2352 1799 quanto

346 1807 616 1870 intentus
664 1804 797 1863 olim
844 1804 1103 1883 publicas
1144 1804 1231 1864 ad·
1271 1823 1470 1879 curaS,
1516 1812 1671 1864 tanto
1715 1804 2068 1863 occultiores
2115 1806 2170 1864 in
2202 1805 2352 1862 luxus
2452 1873 2453 1880 ἶ

368 1898 425 1948 et
469 1887 673 1947 malum
717 1890 889 1947 otium
931 1888 1238 1949 resolutus.
1317 1888 1583 1947 manebat
1632 1891 1846 1967 quippe
1891 1889 2266 1966 suspitionum
2303 1892 2353 1943 et

368 1971 640 2033 credendi
674 1975 997 2050 temeritas,
1032 1991 1198 2052 quam
1230 1974 1470 2033 Seianus
1505 1978 1720 2050 augere
1753 1975 1921 2033 etiam
1952 1974 2007 2032 in
2051 1972 2196 2033 urbe
2237 1987 2349 2031 sue-

295 2053 307 2065 '
367 2067 457 2118 tus
500 2059 688 2118 acrius
733 2058 999 2117 turbabat
1042 2076 1157 2133 non
1201 2058 1312 2118 iam
1360 2057 1606 2117 occultis
1649 2057 1950 2117 adversum
1980 2057 2350 2136 Agrippinam

294 2158 348 2199 20
374 2151 431 2201 et
472 2142 777 2211 Neronem
810 2142 1047 2201 insidiis.
1122 2144 1249 2221 quis
1292 2140 1513 2201 additus
1554 2141 1718 2201 miles
1762 2143 2021 2216 nuntioS,
2075 2142 2347 2214 introitus,

369 2234 571 2303 aperta
602 2232 833 2283 secreta
865 2225 1105 2284 velutin
1141 2227 1376 2286 annales
1411 2225 1734 2301 referebat,
1767 2226 2033 2303 ultroque
2065 2224 2347 2284 strueban-

367 2317 457 2366 tur
488 2310 582 2384 qui
614 2316 917 2367 monerent
946 2297 1265 2386 perfugere
1298 2310 1367 2369 ad
1401 2309 1738 2370 Germaniae
1771 2311 2059 2369 exercitus
2085 2309 2181 2368 vel
2206 2307 2346 2367 cele·

367 2392 615 2450 berrimo
651 2391 761 2451 fori
806 2392 1059 2468 effigiem
1104 2393 1215 2452 divi
1256 2394 1503 2469 Augusti
1545 2394 1814 2473 amplecti
1859 2393 2240 2472 populumque
2279 2407 2344 2447 ac

370 2484 623 2535 senatum
660 2474 872 2535 auxilio
918 2493 1151 2535 vocare.
1214 2496 1399 2555 eaque
1441 2474 1637 2555 spreta
1685 2478 1756 2538 ab
1801 2477 1945 2554 illis,
1991 2477 2143 2536 velut
2187 2491 2340 2553 para-

294 2578 347 2618 25
369 2569 512 2636 rent,
548 2558 961 2619 obiciebantur.

490 2642 587 2704 68.
628 2643 789 2703 Iunio
836 2642 1033 2702 Silano
1077 2651 1133 2701 et
1176 2644 1318 2702 Silio
1349 2646 1543 2706 Nerva
1587 2645 1916 2706 consulibus
1961 2644 2190 2705 foedum
2228 2641 2348 2703 anni
2452 2612 2453 2647 ³

367 2728 707 2805 principium
750 2728 986 2786 incessit
1036 2735 1221 2786 tracto
1271 2729 1326 2787 in
1371 2748 1662 2791 carcerem
1719 2730 1942 2789 inlustri
1997 2732 2192 2807 equite
2241 2726 2346 2785 Ro·

366 2828 567 2885 man0,
618 2810 745 2869 Tito
778 2810 1025 2886 Sabino,
1073 2809 1149 2869 ob
1200 2814 1504 2874 amicitiam
1546 2814 1898 2875 Germanici.
1959 2832 2152 2892 neque
2211 2812 2348 2870 enim
2452 2834 2453 2897 }

370 2898 641 2955 omiserat·
672 2888 977 2970 coniugem
1008 2893 1341 2974 liberosque
1372 2900 1494 2958 eius
1527 2898 1865 2978 percolere,
1901 2906 2159 2957 sectator
2186 2896 2346 2967 domi,

319 2997 344 3035 5
371 2997 566 3040 comes
594 2980 650 3036 in
689 2977 951 3056 publico,
983 2988 1117 3077 post
1145 2988 1229 3040 tot
1261 2982 1500 3041 clientes
1543 3001 1684 3043 unus
1731 2998 1919 3059 eoque
1967 2981 2120 3059 apud
2173 2980 2350 3039 bonos

364 3063 623 3123 laudatus
668 3070 726 3120 et
769 3062 961 3138 gravis
1001 3064 1229 3140 iniquis,
1309 3066 1458 3126 hunc
1502 3067 1750 3126 Latinius
1799 3066 2072 3142 Latiaris,
2119 3064 2350 3124 Porcius

368 3146 532 3223 Cato,
568 3144 805 3205 Petilius
832 3144 1046 3223 Rufus,
1080 3146 1157 3207 M.
1186 3147 1397 3226 Opsius
1425 3160 1693 3229 praetura
1722 3151 1899 3209 functi
1929 3149 2350 3226 adgrediuntur,

2449 3120 2454 3163 1

368 3230 633 3309 cupidine
676 3229 1034 3307 consulatus,
1078 3230 1150 3291 ad
1193 3250 1367 3331 ,quem
1407 3252 1521 3295 non
1560 3237 1666 3295 nisi
1706 3253 1812 3313 per
1844 3234 2110 3293 Seianum
2141 3232 2348 3296 aditus;
2406 3228 2422 3314 ζ

365 3332 569 3414 neque
585 3313 773 3373 Seiani
805 3312 1069 3375 voluntas
1098 3317 1207 3375 nisi
1238 3319 1466 3377 scelere
1511 3319 1912 3396 quaerebatur.
1976 3318 2350 3395 compositum
2414 3318 2418 3323 ’

302 3410 353 3451 ιο
371 3398 517 3457 mter
552 3400 716 3475 ipsos
746 3406 805 3456 ut
828 3396 1098 3474 Latiaris,
1133 3402 1227 3477 qui
1257 3401 1486 3460 modico
1521 3421 1623 3475 usu
1655 3402 1924 3462 Sabinum
1962 3400 2446 3497 contingebat,u

369 3488 613 3539 strueret
645 3479 865 3559 dolum,
914 3486 1095 3543 ceteri
1138 3492 1317 3543 testes
1347 3483 1651 3563 adessent,
1686 3486 1890 3546 deinde
1927 3485 2354 3546 accusationem
2389 3458 2454 3583 {n'

2419 3400 2430 3429 2

2354 3672 2356 3675 y
2370 3623 2454 3667 ore

2332 3693 2454 3753 „Acir
