2475 4000
344 153 474 216 312
556 149 563 166 “
740 157 757 175 “
828 173 831 184 ·
866 161 1195 209 οοΒΝΕιιι
1220 161 1455 208 nom
1476 159 1840 210 summum

348 317 568 378 facinus
600 315 1091 384 consociaturum·;
1136 314 1300 390 dein,
1346 323 1648 393 postquam
1681 289 2057 390 urguebatur,
2107 313 2356 374 confes·

298 401 527 461 ssionis
556 399 800 475 gloriam
828 400 1149 478 amplexus,
1209 401 1714 476 interrogatusque
1757 417 1790 456 a
1819 397 2088 473 Nerone,
2133 397 2364 475 quihus

350 484 539 545 causis
566 482 654 542 ,ad
696 481 1049 542 oblivionem
1090 485 1431 542 sacramenti
1475 482 1898 561 processisset,
1942 481 2232 540 *oderam
2263 485 2362 539 te'

346 568 557 644 inquit,
607 569 755 624 ‘nee
794 568 1091 644 quisquam
1133 564 1235 629 tibi
1276 565 1500 625 fidelior
1545 565 1780 624 militum
1819 566 1950 641 fuit,
1993 565 2124 624 dum
2167 565 2365 625 amari

254 666 271 677 *
347 650 622 711 meruisti.
682 647 877 709 odisse
926 652 1129 728 coepi,
1184 658 1488 728 postquam
1530 649 1814 728 parricida
1859 650 2052 708 matris
2095 659 2156 708 et
2203 665 2362 708 uxo-

349 739 461 812 ris,
506 735 705 812 auriga
747 741 805 792 et
848 733 1051 794 histrio
1099 742 1156 792 et
1194 733 1578 792 incendiarius
1627 735 1908 794 extitisti.2
1975 734 2104 810 ipsa
2147 731 2368 791 rettuli

281 835 332 875 ιο
352 817 559 894 verba,
620 819 749 896 quia
794 823 941 892 non,
998 827 1059 876 ut
1110 817 1406 892 Senecae,
1461 816 1698 892 volgata
1751 825 1946 892 erant,
2000 834 2114 875 nec
2157 816 2364 876 minus

348 904 511 963 nosci
546 900 792 960 decebat
821 900 1079 960 militaris
1120 901 1230 959 viri
1261 917 1466 959 sensus
1495 901 1817 978 incomptos
1849 908 1907 958 et
1948 899 2196 959 validos.
2267 900 2362 956 ni-

348 988 428 1048 hil
474 989 533 1046 in
592 985 691 1044 illa
744 985 1147 1044 coniuratione·
1189 985 1426 1060 gravius
1473 983 1706 1044 auribus
1753 982 2003 1042 Neronis
2049 983 2360 1043 accidisse

352 1071 634 1145 constitit,
684 1070 779 1146 qui
822 1076 883 1126 ut
924 1067 1203 1128 faciendis
1234 1067 1555 1127 sceleribus
1591 1075 1920 1146 promptus,
1963 1069 2043 1126 ita
2074 1064 2366 1126 audiendi

352 1171 497 1233 quae
542 1153 767 1212 faceret
802 1151 1060 1224 insolens
1101 1159 1245 1211 erat.
1309 1167 1496 1228 poena
1535 1147 1700 1210 Flavi
1742 1152 1984 1210 Veianio
2015 1151 2204 1226 Nigro
2253 1151 2357 1208 tri-

282 1251 331 1291 15
348 1238 503 1297 buno
548 1234 861 1295 mandatur.
931 1237 981 1294 is
1018 1237 1284 1314 proximo
1325 1235 1382 1293 in
1431 1251 1574 1312 agro
1618 1233 1887 1295 scrobem
1931 1233 2105 1293 effodi
2153 1234 2358 1308 iussit,

350 1339 517 1400 quam
562 1321 742 1378 visam
784 1318 997 1378 Flavus
1040 1328 1101 1378 ut
1133 1318 1403 1378 humilem
1434 1327 1490 1378 et
1523 1326 1817 1394 angustam
1852 1319 2199 1396 increpans,
2237 1318 2358 1376 cir·

351 1401 757 1465 cumstantibus
797 1402 1096 1478 militibus,
1156 1406 1266 1460 ‘ne
1308 1402 1420 1462 hoc
1461 1401 1742 1489 quidem'
1777 1403 1960 1478 inquit
2017 1403 2125 1458 eex
2169 1401 2356 1460 disci-

350 1487 523 1566 plina.
526 1489 551 1520 ³
618 1485 1051 1563 admonitusque
1082 1486 1314 1544 fortiter
1345 1484 1693 1564 protendere
1736 1464 2041 1561 cervicem,
2073 1485 2358 1544 ‘utinam'

352 1570 429 1628 ait
470 1573 565 1626 ‘tu
604 1577 717 1628 tam
756 1568 987 1627 fortiter
1027 1569 1270 1628 ferias!'
1305 1577 1364 1627 et
1393 1569 1492 1628 ille
1521 1568 1750 1628 multum
1777 1578 2048 1644 tremens,
2082 1586 2215 1626 cum
2249 1570 2357 1626 vix

278 1673 333 1712 20
353 1651 575 1717 duobus
617 1649 825 1709 ictibus
854 1661 1025 1729 caput
1054 1654 1490 1731 amputavisset,
1535 1653 1829 1712 saevitiam
1862 1652 2011 1731 apud
2033 1645 2356 1710 Neronem
2448 1695 2449 1704 ι

348 1736 602 1810 iactavit,
636 1735 1008 1812 sesquiplaga
1040 1735 1400 1794 interfectum
1431 1753 1462 1798 a
1495 1755 1560 1795 se
1589 1735 1853 1796 dicendo.

472 1815 572 1879 68.
629 1818 955 1878 Proximum
1009 1820 1369 1878 constantiae
1425 1819 1749 1897 exemplum
1801 1819 2090 1898 Sulpicius
2147 1819 2357 1898 Asper

352 1903 611 1962 centurio
654 1901 953 1980 praebuit,
986 1905 1349 1982 percontanti
1381 1903 1600 1963 Neroni
1614 1947 1636 1978 .,
1679 1908 1788 1961 'cur
1814 1905 1872 1962 in
1913 1903 2154 1962 caedem
2185 1919 2350 1961 suam

352 1987 835 2065 conspiravisset,
878 1985 1136 2047 breviter
1188 1988 1552 2067 respondens
1603 2004 1718 2046 non
1767 1985 1933 2047 aliter
1981 1994 2067 2047 tot
2107 1986 2352 2065 flagitiis

353 2073 477 2131 eius
506 2069 798 2130 subveniri
835 2073 1117 2149 potuisse.
1178 2080 1294 2132 tum
1333 2074 1542 2131 iussam
1576 2088 1820 2149 poenam
1849 2070 2040 2129 subiit.
2099 2088 2216 2129 nec
2249 2088 2347 2129 ce-

305 2167 330 2206 5
353 2155 461 2213 teri
506 2155 871 2213 centuriones
904 2157 961 2213 in
1006 2154 1402 2233 perpetiendis
1449 2154 1752 2233 suppliciis
1785 2154 2260 2231 degeneravere:
2292 2161 2348 2213 at

350 2254 469 2298 non
511 2236 731 2297 Faenio
762 2236 913 2298 Rufo
948 2246 1069 2317 par
1085 2241 1332 2315 animus,
1379 2238 1483 2298 sed
1522 2238 1960 2297 lamentationes
1989 2254 2125 2297 suas
2171 2240 2346 2297 etiam
2448 2280 2449 2317 3

350 2320 408 2378 in
438 2328 834 2380 testamentum
864 2321 1121 2381 contulit.
1164 2337 1176 2358 x
1647 2362 1650 2370 ·

474 2402 899 2481 Opperiebatur
937 2405 1130 2481 Nero,
1179 2414 1239 2464 ut
1279 2406 1552 2464 Vestinus
1599 2422 1830 2484 quoque
1877 2404 2078 2464 consul
2125 2405 2186 2473 in
2237 2406 2342 2463 cri·

349 2504 481 2547 men
524 2486 935 2565 attraheretur,
980 2489 1294 2548 violentum
1335 2496 1394 2547 et
1419 2484 1701 2547 infensum
1730 2498 1913 2549 ratus:
1957 2487 2062 2546 sed
2095 2506 2174 2546 ex
2207 2506 2344 2547 con-
2448 2488 2449 2541 l

283 2582 332 2623 10
350 2572 548 2630 iuratis
586 2572 824 2631 consilia
858 2590 984 2631 cum
1016 2574 1262 2633 Vestino
1293 2588 1410 2631 non
1437 2575 1800 2648 miscuerant,
1837 2572 2062 2651 quidam
2095 2572 2346 2630 vetustis
2448 2578 2449 2600 ¹

348 2655 405 2711 in
436 2671 575 2712 eum
592 2654 991 2732 simultatibus,
1024 2655 1244 2742 plures,
1281 2657 1412 2733 quia
1444 2657 1822 2734 praecipitem
1853 2664 1910 2714 et
1939 2654 2344 2713 insociabilem

326 2736 683 2797 credebant.
747 2748 999 2798 ceterum
1028 2730 1248 2799 Neroni
1281 2738 1471 2798 odium
1507 2739 1784 2799 adversus
1817 2740 2118 2800 Vestinum
2147 2756 2230 2797 ex
2261 2738 2342 2795 in-

350 2820 481 2880 tima
512 2820 813 2881 sodalitate
844 2830 1157 2901 coeperat,
1190 2822 1320 2897 dum
1355 2821 1498 2881 hic
1481 2825 1768 2899 ignaviam
1799 2822 2082 2901 principis
2109 2820 2343 2900 penitus
2448 2818 2449 2823 ’

352 2905 641 2979 cognitam
670 2904 939 2983 despicit,
973 2906 1072 2965 ille
1104 2906 1384 2966 fero-ciam
1419 2908 1584 2967 amici
1612 2909 1840 2983 metuit,
1884 2923 2062 2983 saepe
2107 2907 2344 2983 asperis
2448 2936 2449 2969 ;

281 3001 330 3041 15
348 2986 574 3045 facetiis
602 2988 839 3065 inlusus,
874 3000 1021 3067 quae
1055 2989 1151 3048 nbi
1184 2989 1418 3049 multum
1452 3007 1527 3049 ex
1557 3003 1699 3050 vero
1729 3000 1982 3065 traxere,
2023 3005 2224 3049 acrem
2255 2990 2342 3047 sui
2448 3016 2449 3021 κ

349 3072 685 3129 memoriam
713 3072 1055 3150 relinquunt.
1116 3082 1454 3133 accesserat
1479 3090 1695 3152 repens
1727 3092 1918 3150 causa,
1951 3071 2111 3149 quod
2143 3074 2338 3132 Vesti-
2448 3092 2449 3099 ¹

348 3172 455 3211 nus
490 3154 765 3214 Statiliam
792 3156 1157 3216 Messalinam
1185 3158 1542 3216 matrimonio
1577 3157 1686 3216 sibi
1713 3160 2004 3233 iunxerat,
2054 3155 2208 3215 haud
2241 3174 2338 3215 ne-

348 3237 505 3295 scius
531 3239 683 3297 inter
710 3238 1005 3299 adulteros
1037 3242 1164 3299 eius
1192 3249 1252 3300 et
1282 3237 1594 3299 Gaesarem
1625 3256 1777 3300 esse.

475 3320 573 3380 69.
615 3319 795 3397 Igitur
835 3340 951 3381 non
990 3325 1256 3401 crimine,
1299 3340 1416 3383 non
1449 3333 1788 3385 accusatore
1821 3324 2165 3401 exsistente,
2202 3326 2335 3403 quia

349 3402 607 3476 speciem
649 3404 853 3464 iudicis
899 3406 1137 3465 induere
1188 3424 1303 3466 non
1350 3414 1608 3485 poterat,
1653 3408 1726 3467 ad
1770 3410 1882 3467 vim
1927 3407 2336 3473 dominationis
