2475 4000
699 180 909 229 LIBER
950 181 1092 227 xvl.
1140 181 1290 228 CAP.
1326 178 1497 233 4-9.
1991 168 2111 233 319

248 334 323 406 7„
345 333 591 393 Mortem
625 333 935 413 Poppaeae
967 342 1027 393 ut
1063 333 1250 413 palam
1279 334 1526 409 tristem,
1570 334 2112 395 ita‘recordantibus

111 418 333 477 laetam
370 416 446 476 ob
497 418 887 496 inpudicitiam
932 418 1057 477 eius
1100 418 1543 494 saevitiamque,
1587 434 1738 477 nova
1764 421 2001 499 insuper
2029 420 2109 478 in·

109 500 275 566 vidia
316 500 475 560 Nero
518 502 835 579 complevit
875 500 1235 582 prohibendo
1286 500 1352 561 C.
1403 499 1663 561 Cassium
1705 502 1902 562 officio
1945 522 2110 563 exse-

112 585 411 663 quiarum,
450 584 603 666 quod
635 586 873 663 primum
914 585 1181 645 indicium
1222 584 1376 644 mali.
1441 602 1632 662 neque
1673 586 1730 644 in
1771 584 2005 662 longum
2033 586 2112 646 di-

108 669 295 727 latum
327 677 435 744 est,
468 668 573 731 sed
604 668 831 729 Silanus
860 667 1115 746 additur,
1148 668 1306 730 nullo
1327 670 1606 744 crimine,
1641 669 1751 727 nisi
1785 669 1938 746 quod
1974 669 2110 731 Cas-
2135 684 2165 724 s

108 752 253 811 sius.
273 752 480 830 opibus
508 756 755 813 vetustis
795 761 852 812 et
894 754 1180 831 gravitate
1222 770 1471 829 morum,
1515 752 1742 812 Silanus
1779 752 2114 813 claritudine

106 836 357 912 generis
402 846 461 896 et
500 836 758 897 modesta
806 839 1035 897 iuventa
1081 836 1535 915 praecellebant.
1610 837 1782 913 igitur
1827 836 2000 895 missa
2043 838 2121 897 ad'

108 926 379 980 senatum
438 923 701 980 oratione
754 919 1141 982 removendos
1198 938 1231 979 a
1281 940 1346 980 re
1391 919 1624 999 publica
1678 928 1955 997 utrosque
2003 920 2112 980 dis-

106 1003 331 1078 seruit,
388 1002 816 1083 obiectavitque
863 1004 1068 1065 Cassio
1112 1004 1268 1083 quod
1306 1006 1477 1065 »inter
1518 1004 1798 1081 imagines
1842 1005 2116 1062 maiorum

108 1087 291 1146 etiam
337 1085 403 1146 C.
438 1086 604 1147 Cassi
640 1088 893 1164 effigiem
926 1087 1233 1164 coluisset,
1276 1088 1352 1147 ita
1394 1090 1730 1167 inscriptam
1773 1087 1939 1147 ‘duci
1985 1103 2186 1166 par-1⁰

103 1173 326 1231 tium':
388 1172 602 1251 quippe
648 1172 864 1233 semina
906 1170 1047 1230 belli
1096 1171 1284 1232 civilis
1327 1180 1384 1230 et
1425 1172 1813 1232 defectionem
1862 1190 1894 1231 a
1941 1170 2112 1231 domo

110 1252 441 1314 Caesarum
476 1256 815 1332 quaesitam.
874 1272 945 1315 ac
972 1273 1051 1315 ne
1076 1257 1350 1315 memoria
1387 1263 1600 1315 tantum
1631 1255 1837 1316 infensi
1871 1257 2114 1315 nominis

109 1337 193 1397 ad
225 1337 549 1397 discordias
581 1347 855 1416 uteretur,
885 1338 1278 1418 adsumpsisse
1307 1338 1368 1398 L.
1400 1338 1674 1415 Silanum,
1711 1341 1978 1399 iuvenem
2011 1357 2113 1417 ge-

106 1421 560 1499 nerenobilem,
584 1424 771 1481 animo
798 1431 1189 1501 praeruptum,
1209 1440 1378 1500 quem
1397 1424 1562 1482 novis
1587 1421 1762 1483 rebus
1778 1430 2113 1483 ostentaret.

244 1504 301 1565 8.
345 1504 538 1586 Ipsum
572 1504 781 1565 debinc
810 1506 1061 1567 Silanum
1094 1507 1383 1585 increpuit
1409 1506 1590 1566 isdem
1622 1506 1826 1585 quibus
1856 1516 2114 1585 patruum

108 1591 243 1651 eius
276 1590 655 1668 Torquatum,
688 1599 973 1669 tamquam
1001 1589 1342 1671 disponeret
1367 1591 1476 1653 iam
1506 1592 1731 1669 imperii
1756 1609 1924 1651 curas
1950 1610 2113 1670 prae-

107 1676 441 1753 ficeretque
480 1672 797 1735 rationibus
840 1684 899 1736 et
939 1675 1154 1735 libellis
1206 1684 1267 1736 et
1309 1675 1568 1755 epistulis
1610 1674 1880 1751 libertos,
1927 1677 2114 1735 inania

84 1759 285 1819 simul
324 1768 385 1817 et
422 1759 599 1820 falsa:
660 1778 790 1820 nam
834 1760 1059 1821 Silanus
1100 1761 1373 1819 intentior
1419 1768 1571 1818 metu
1614 1768 1671 1818 et
1711 1761 1887 1819 exitio
1928 1761 2112 1838 patrui

109 1842 188 1903 ad
221 1834 682 1944 praecavendum
722 1846 1029 1905 exterritus
1068 1853 1210 1903 erat.
1272 1842 1490 1906 inducit
1536 1840 1780 1919 posthac
1821 1842 2109 1902 vocabulo
2133 1856 2159 1895 ⁵

108 1926 385 2003 indicum,
419 1930 512 2008 qui
543 1929 598 1987 in
632 1928 933 2009 Lepidam,
979 1926 1168 1987 Cassii
1200 1942 1478 2002 uxorem,
1521 1924 1699 1983 Silani
1728 1927 1980 2001 amitam,
2032 1926 2112 1983 in-

113 2019 339 2070 cestum
370 2029 495 2072 cum
525 2012 721 2071 fratris
754 2012 873 2072 filio
904 2019 964 2070 et
991 2009 1151 2069 diros
1182 2027 1480 2068 sacrorum
1509 2009 1652 2068 ritus
1693 1970 2111 2085 confingeient.

110 2091 488 2154 trahebantur
536 2104 597 2154 ut
643 2097 863 2170 conscii
892 2093 1193 2153 Volcatius
1226 2092 1487 2152 Tullinus
1534 2110 1602 2152 ac
1629 2091 1940 2153 Marcellus
1971 2091 2112 2152 Cor-

112 2173 309 2234 nelius
349 2185 651 2236 senatores
689 2185 747 2236 et
774 2175 1118 2255 Calpurnius
1147 2175 1400 2236 Fabatus
1440 2194 1622 2255 eques
1650 2176 1971 2243 Romanus;
2020 2177 2114 2254 qui

114 2258 419 2356 appellato
449 2261 714 2354 principe
744 2261 1047 2321 instantem
1079 2259 1497 2320 damnationem
1525 2260 1799 2337 frustrati,
1828 2279 1964 2320 mox
1998 2259 2050 2319 N
2057 2278 2112 2318 e
2135 2275 2184 2315 ιο

117 2358 321 2401 ronem
354 2343 508 2401 circa
538 2361 752 2404 summa
782 2344 1011 2404 scelera
1040 2343 1346 2404 'distentum
1379 2344 1544 2430 quasi
1567 2345 1822 2404 minores
1845 2363 2112 2405 evasere.

248 2424 307 2485 9.
356 2425 515 2485 Tunc
561 2428 825 2487 consulto
872 2437 1101 2488 senatus
1131 2426 1340 2487 Cassio
1373 2436 1431 2488 et
1445 2421 1658 2488 Silano
1695 2427 1867 2488 exilia
1911 2428 2112 2487 decer·

118 2516 354 2569 nuntur:
402 2509 475 2569 de
505 2510 721 2589 Lepida
755 2509 973 2572 Caesar
1016 2521 1313 2572 statueret.
1375 2512 1825 2590 deportatusque
1867 2515 1924 2570 in
1964 2514 2112 2570 insu-

120 2589 263 2652 lam
273 2593 586 2654 Sardiniam
621 2577 887 2673 Cassius,
932 2605 990 2655 et
1030 2604 1302 2655 senectus
1334 2597 1456 2655 eius
1499 2594 1963 2674 exspectabatur.
2027 2595 2114 2654 Si·
2159 2614 2165 2620 ’

120 2676 327 2777 lanus,
366 2687 651 2756 tamquam
692 2679 915 2740 Naxum
958 2679 1372 2752 deveheretur,
1423 2677 1640 2740 Ostiam
1685 2688 1935 2748 amotus;
1980 2687 2114 2756 post

118 2761 431 2839 municipio
462 2762 733 2841 Apuliae,
768 2765 859 2824 cui
887 2781 1099 2824 nomen
1129 2763 1356 2823 Barium
1380 2772 1487 2840 est,
1519 2762 1816 2823 clauditur.
1879 2764 2001 2824 illic
2031 2764 2112 2821 in·
2136 2775 2162 2815 ⁵

120 2843 511 2920 dignissimum
546 2865 740 2907 casum
772 2849 1063 2927 sapienter
1096 2848 1386 2924 tolerans,
1433 2866 1466 2907 a
1512 2849 1848 2907 centurione
1876 2846 1946 2907 ad
1985 2864 2111 2906 cae·

120 2926 249 2986 dem
276 2930 453 2989 misso
488 2933 824 3010 corripitur;
857 2932 1231 3009 suadentique
1268 2949 1442 2992 venas
1474 2931 1838 3010 abrumpere,
1871 2933 2114 2993 animum

122 3011 347 3112 quidem
384 3017 555 3075 morti
595 3015 936 3077 destinatum
976 3016 1086 3090 ait,
1132 3014 1236 3074 sed
1285 3032 1397 3074 non
1441 3017 1736 3076 remittere
1778 3014 2114 3098 percussori

121 3077 363 3172 gloriam
408 3100 725 3159 ministerii.
782 3108 845 3160 at
874 3101 1134 3160 centurio
1182 3101 1442 3177 quamvis
1483 3102 1794 3175 inermem,
1830 3094 2112 3178 praevali-

123 3179 249 3238 dum
291 3191 478 3242 tamen
525 3193 584 3243 et
625 3184 746 3244 irae
780 3201 947 3262 quam
978 3183 1167 3243 timori
1217 3185 1547 3261 propiorem
1585 3201 1830 3243 cernens
1865 3184 2044 3261 premi
2081 3199 2112 3241 a
2134 3193 2182 3234 1⁰

121 3263 391 3325 militibus
428 3267 603 3327 iubet.
673 3287 783 3329 nec
827 3267 1015 3328 omisit
1046 3266 1273 3327 Silanus
1308 3267 1486 3328 obniti
1519 3276 1576 3326 et
1607 3266 1902 3327 intendere
1943 3269 2110 3342 ictus,

124 3357 387 3424 quantum
418 3352 677 3412 manibus
705 3351 869 3412 nudis
902 3350 1191 3429 valebat,
1211 3352 1402 3413 donec
1438 3373 1470 3414 a
1502 3353 1834 3412 centurione
1863 3350 2111 3410 volneri-

122 3429 233 3490 bus
262 3433 523 3496 adversis
556 3445 841 3519 tamquam
872 3438 929 3496 in
958 3451 1151 3514 pugna
1187 3437 1440 3498 caderet.
1987 3465 2003 3472 —
