<?xml version="1.0" encoding="UTF-8"?>
<!DOCTYPE html PUBLIC "-//W3C//DTD XHTML 1.0 Transitional//EN"
    "http://www.w3.org/TR/xhtml1/DTD/xhtml1-transitional.dtd">
<html xmlns="http://www.w3.org/1999/xhtml" xml:lang="en" lang="en">
 <head>
  <title>
</title>
<meta http-equiv="Content-Type" content="text/html;charset=utf-8" />
  <meta name='ocr-system' content='tesseract 3.04.00' />
  <meta name='ocr-capabilities' content='ocr_page ocr_carea ocr_par ocr_line ocrx_word'/>
</head>
<body>
  <div class='ocr_page' id='page_1' title='image "./corneltacitilib00unkngoog_0277.png"; bbox 0 0 2475 4000; ppageno 0'>
   <div class='ocr_carea' id='block_1_1' title="bbox 142 132 2181 274">
    <p class='ocr_par' dir='ltr' id='par_1_1' title="bbox 142 132 2181 274">
     <span class='ocr_line' id='line_1_1' title="bbox 142 132 2181 274; baseline 0.007 -40"><span class='ocrx_word' id='word_1_1' title='bbox 142 132 160 165; x_wconf 54' lang='lat'><em>¹</em></span> <span class='ocrx_word' id='word_1_2' title='bbox 677 187 887 240; x_wconf 65' lang='lat' dir='ltr'><strong>unm:</strong></span> <span class='ocrx_word' id='word_1_3' title='bbox 909 189 1032 239; x_wconf 69' lang='grc' dir='ltr'><strong>ΧΠ.</strong></span> <span class='ocrx_word' id='word_1_4' title='bbox 1063 191 1211 240; x_wconf 79' lang='lat' dir='ltr'><strong>cAP.</strong></span> <span class='ocrx_word' id='word_1_5' title='bbox 1234 191 1474 246; x_wconf 78' lang='lat'><strong>48--53.</strong></span> <span class='ocrx_word' id='word_1_6' title='bbox 1594 195 1598 203; x_wconf 88' lang='grc'><strong>’</strong></span> <span class='ocrx_word' id='word_1_7' title='bbox 1796 269 1804 274; x_wconf 11' lang='grc' dir='ltr'>ἢ</span> <span class='ocrx_word' id='word_1_8' title='bbox 1974 185 2099 248; x_wconf 82' lang='grc'><strong>217</strong></span> <span class='ocrx_word' id='word_1_9' title='bbox 2169 243 2181 256; x_wconf 80' lang='grc'><strong>,</strong></span> 
     </span>
    </p>
   </div>
   <div class='ocr_carea' id='block_1_2' title="bbox 77 347 2208 3533">
    <p class='ocr_par' dir='ltr' id='par_1_2' title="bbox 97 347 2208 1687">
     <span class='ocr_line' id='line_1_2' title="bbox 113 347 2101 425; baseline 0.004 -19"><span class='ocrx_word' id='word_1_10' title='bbox 113 355 198 406; x_wconf 81' lang='lat' dir='ltr'><strong>tas</strong></span> <span class='ocrx_word' id='word_1_11' title='bbox 229 363 534 425; x_wconf 86' lang='lat' dir='ltr'><strong>equorum,</strong></span> <span class='ocrx_word' id='word_1_12' title='bbox 575 347 706 424; x_wconf 85' lang='lat' dir='ltr'><strong>quis</strong></span> <span class='ocrx_word' id='word_1_13' title='bbox 751 363 934 424; x_wconf 87' lang='lat' dir='ltr'><strong>seque</strong></span> <span class='ocrx_word' id='word_1_14' title='bbox 971 357 1028 407; x_wconf 86' lang='lat' dir='ltr'><strong>et</strong></span> <span class='ocrx_word' id='word_1_15' title='bbox 1065 349 1371 425; x_wconf 80' lang='lat' dir='ltr'><strong>coniugem</strong></span> <span class='ocrx_word' id='word_1_16' title='bbox 1402 347 1653 409; x_wconf 78' lang='lat' dir='ltr'><strong>abstulit.</strong></span> <span class='ocrx_word' id='word_1_17' title='bbox 1712 351 1816 410; x_wconf 86' lang='lat' dir='ltr'><strong>sed</strong></span> <span class='ocrx_word' id='word_1_18' title='bbox 1850 355 2101 414; x_wconf 84' lang='lat' dir='ltr'><strong>coniunx</strong></span> 
     </span>
     <span class='ocr_line' id='line_1_3' title="bbox 113 430 2099 510; baseline 0.004 -20"><span class='ocrx_word' id='word_1_19' title='bbox 113 431 342 507; x_wconf 80' lang='lat' dir='ltr'><strong>gravida</strong></span> <span class='ocrx_word' id='word_1_20' title='bbox 372 432 612 510; x_wconf 82' lang='lat' dir='ltr'><strong>primam</strong></span> <span class='ocrx_word' id='word_1_21' title='bbox 651 439 958 509; x_wconf 89' lang='lat' dir='ltr'><strong>utcumque</strong></span> <span class='ocrx_word' id='word_1_22' title='bbox 1001 432 1198 509; x_wconf 79' lang='lat' dir='ltr'><strong>fugam</strong></span> <span class='ocrx_word' id='word_1_23' title='bbox 1246 430 1320 492; x_wconf 88' lang='lat' dir='ltr'><strong>ob</strong></span> <span class='ocrx_word' id='word_1_24' title='bbox 1355 442 1565 492; x_wconf 86' lang='lat' dir='ltr'><strong>metum</strong></span> <span class='ocrx_word' id='word_1_25' title='bbox 1595 434 1863 495; x_wconf 86' lang='lat' dir='ltr'><strong>hostilem</strong></span> <span class='ocrx_word' id='word_1_26' title='bbox 1898 445 1959 497; x_wconf 87' lang='lat' dir='ltr'><strong>et</strong></span> <span class='ocrx_word' id='word_1_27' title='bbox 1982 456 2099 498; x_wconf 88' lang='lat' dir='ltr'><strong>ma-</strong></span> 
     </span>
     <span class='ocr_line' id='line_1_4' title="bbox 110 515 2099 600; baseline 0.005 -27"><span class='ocrx_word' id='word_1_28' title='bbox 110 516 198 573; x_wconf 86' lang='lat' dir='ltr'><strong>riti</strong></span> <span class='ocrx_word' id='word_1_29' title='bbox 225 517 514 574; x_wconf 87' lang='lat' dir='ltr'><strong>caritatem</strong></span> <span class='ocrx_word' id='word_1_30' title='bbox 544 515 842 585; x_wconf 86' lang='lat' dir='ltr'><strong>toleravit;</strong></span> <span class='ocrx_word' id='word_1_31' title='bbox 887 524 1023 596; x_wconf 88' lang='lat' dir='ltr'><strong>post</strong></span> <span class='ocrx_word' id='word_1_32' title='bbox 1061 517 1435 576; x_wconf 88' lang='lat' dir='ltr'><strong>festinatione</strong></span> <span class='ocrx_word' id='word_1_33' title='bbox 1448 518 1769 595; x_wconf 90' lang='lat' dir='ltr'><strong>continua,</strong></span> <span class='ocrx_word' id='word_1_34' title='bbox 1818 520 1915 579; x_wconf 91' lang='lat' dir='ltr'><strong>ubi</strong></span> <span class='ocrx_word' id='word_1_35' title='bbox 1944 523 2099 600; x_wconf 89' lang='lat' dir='ltr'><strong>quati</strong></span> 
     </span>
     <span class='ocr_line' id='line_1_5' title="bbox 109 597 2147 678; baseline 0.006 -20"><span class='ocrx_word' id='word_1_36' title='bbox 109 607 298 658; x_wconf 83' lang='lat' dir='ltr'><strong>uterus</strong></span> <span class='ocrx_word' id='word_1_37' title='bbox 333 607 392 658; x_wconf 84' lang='lat' dir='ltr'><strong>et</strong></span> <span class='ocrx_word' id='word_1_38' title='bbox 423 600 650 659; x_wconf 87' lang='lat' dir='ltr'><strong>viscera</strong></span> <span class='ocrx_word' id='word_1_39' title='bbox 680 597 994 678; x_wconf 78' lang='lat' dir='ltr'>vibrantur,</span> <span class='ocrx_word' id='word_1_40' title='bbox 1025 617 1196 662; x_wconf 87' lang='lat' dir='ltr'><strong>orare</strong></span> <span class='ocrx_word' id='word_1_41' title='bbox 1228 609 1289 659; x_wconf 89' lang='lat' dir='ltr'><strong>ut</strong></span> <span class='ocrx_word' id='word_1_42' title='bbox 1318 610 1505 660; x_wconf 85' lang='lat' dir='ltr'><strong>morte</strong></span> <span class='ocrx_word' id='word_1_43' title='bbox 1535 602 1777 661; x_wconf 85' lang='lat' dir='ltr'><strong>honesta</strong></span> <span class='ocrx_word' id='word_1_44' title='bbox 1806 611 2095 665; x_wconf 74' lang='lat' dir='ltr'><strong>contume-</strong></span> <span class='ocrx_word' id='word_1_45' title='bbox 2121 631 2147 670; x_wconf 87' lang='lat'>5</span> 
     </span>
     <span class='ocr_line' id='line_1_6' title="bbox 109 683 2096 764; baseline 0.004 -22"><span class='ocrx_word' id='word_1_46' title='bbox 109 683 194 742; x_wconf 89' lang='lat' dir='ltr'><strong>liis</strong></span> <span class='ocrx_word' id='word_1_47' title='bbox 229 683 574 761; x_wconf 85' lang='lat' dir='ltr'><strong>captivitatis</strong></span> <span class='ocrx_word' id='word_1_48' title='bbox 607 684 971 744; x_wconf 84' lang='lat' dir='ltr'><strong>eximeretur.</strong></span> <span class='ocrx_word' id='word_1_49' title='bbox 1030 685 1132 744; x_wconf 87' lang='lat' dir='ltr'><strong>ille</strong></span> <span class='ocrx_word' id='word_1_50' title='bbox 1158 687 1344 763; x_wconf 91' lang='lat' dir='ltr'><strong>primo</strong></span> <span class='ocrx_word' id='word_1_51' title='bbox 1391 686 1663 764; x_wconf 80' lang='lat' dir='ltr'><strong>amplecti</strong></span> <span class='ocrx_word' id='word_1_52' title='bbox 1694 685 1967 748; x_wconf 82' lang='lat' dir='ltr'><strong>adlevare</strong></span> <span class='ocrx_word' id='word_1_53' title='bbox 2002 690 2096 748; x_wconf 88' lang='lat' dir='ltr'><strong>ad-</strong></span> 
     </span>
     <span class='ocr_line' id='line_1_7' title="bbox 108 766 2097 849; baseline 0.004 -24"><span class='ocrx_word' id='word_1_54' title='bbox 108 766 353 842; x_wconf 87' lang='lat' dir='ltr'><strong>hortari,</strong></span> <span class='ocrx_word' id='word_1_55' title='bbox 400 767 572 828; x_wconf 89' lang='lat' dir='ltr'><strong>modo</strong></span> <span class='ocrx_word' id='word_1_56' title='bbox 618 769 882 828; x_wconf 88' lang='lat' dir='ltr'><strong>virtutem</strong></span> <span class='ocrx_word' id='word_1_57' title='bbox 926 766 1243 845; x_wconf 86' lang='lat' dir='ltr'><strong>admirans,</strong></span> <span class='ocrx_word' id='word_1_58' title='bbox 1290 770 1463 830; x_wconf 89' lang='lat' dir='ltr'><strong>modo</strong></span> <span class='ocrx_word' id='word_1_59' title='bbox 1508 772 1716 830; x_wconf 89' lang='lat' dir='ltr'><strong>timore</strong></span> <span class='ocrx_word' id='word_1_60' title='bbox 1760 788 1970 849; x_wconf 82' lang='lat' dir='ltr'><strong>aeger,</strong></span> <span class='ocrx_word' id='word_1_61' title='bbox 2024 791 2097 832; x_wconf 88' lang='lat' dir='ltr'><strong>ne</strong></span> 
     </span>
     <span class='ocr_line' id='line_1_8' title="bbox 109 851 2164 934; baseline 0.002 -24"><span class='ocrx_word' id='word_1_62' title='bbox 109 853 228 929; x_wconf 87' lang='lat' dir='ltr'><strong>quis</strong></span> <span class='ocrx_word' id='word_1_63' title='bbox 267 851 473 912; x_wconf 86' lang='lat' dir='ltr'><strong>relicta</strong></span> <span class='ocrx_word' id='word_1_64' title='bbox 515 860 834 934; x_wconf 86' lang='lat' dir='ltr'><strong>poteretur.</strong></span> <span class='ocrx_word' id='word_1_65' title='bbox 891 861 1187 932; x_wconf 89' lang='lat' dir='ltr'><strong>postremo</strong></span> <span class='ocrx_word' id='word_1_66' title='bbox 1227 855 1501 914; x_wconf 85' lang='lat' dir='ltr'><strong>violentia</strong></span> <span class='ocrx_word' id='word_1_67' title='bbox 1532 855 1743 915; x_wconf 90' lang='lat' dir='ltr'><strong>amoris</strong></span> <span class='ocrx_word' id='word_1_68' title='bbox 1786 863 1854 932; x_wconf 48' lang='lat' dir='ltr'><strong>et,</strong></span> <span class='ocrx_word' id='word_1_69' title='bbox 1878 854 2097 915; x_wconf 81' lang='lat' dir='ltr'><strong>facino·</strong></span> <span class='ocrx_word' id='word_1_70' title='bbox 2160 920 2164 928; x_wconf 63' lang='grc'>,</span> 
     </span>
     <span class='ocr_line' id='line_1_9' title="bbox 103 935 2099 1017; baseline 0.002 -23"><span class='ocrx_word' id='word_1_71' title='bbox 103 953 220 994; x_wconf 89' lang='lat' dir='ltr'><strong>rum</strong></span> <span class='ocrx_word' id='word_1_72' title='bbox 259 953 376 996; x_wconf 87' lang='lat' dir='ltr'><strong>non</strong></span> <span class='ocrx_word' id='word_1_73' title='bbox 421 935 577 994; x_wconf 90' lang='lat' dir='ltr'><strong>rudis</strong></span> <span class='ocrx_word' id='word_1_74' title='bbox 623 935 926 1014; x_wconf 76' lang='lat' dir='ltr'><strong>destringit</strong></span> <span class='ocrx_word' id='word_1_75' title='bbox 967 938 1245 997; x_wconf 79' lang='lat' dir='ltr'><strong>acinacen</strong></span> <span class='ocrx_word' id='word_1_76' title='bbox 1283 938 1755 1017; x_wconf 77' lang='lat' dir='ltr'><strong>vulneratamque</strong></span> <span class='ocrx_word' id='word_1_77' title='bbox 1798 940 1983 1017; x_wconf 82' lang='lat' dir='ltr'><strong>ripam</strong></span> <span class='ocrx_word' id='word_1_78' title='bbox 2028 939 2099 998; x_wconf 89' lang='lat' dir='ltr'><strong>ad</strong></span> 
     </span>
     <span class='ocr_line' id='line_1_10' title="bbox 104 1019 2208 1102; baseline 0.002 -24"><span class='ocrx_word' id='word_1_79' title='bbox 104 1019 310 1080; x_wconf 81' lang='lat' dir='ltr'><strong>Araxis</strong></span> <span class='ocrx_word' id='word_1_80' title='bbox 338 1019 528 1096; x_wconf 88' lang='lat' dir='ltr'><strong>trahit,</strong></span> <span class='ocrx_word' id='word_1_81' title='bbox 556 1019 768 1080; x_wconf 83' lang='lat' dir='ltr'><strong>flumini</strong></span> <span class='ocrx_word' id='word_1_82' title='bbox 801 1020 1001 1099; x_wconf 84' lang='lat' dir='ltr'><strong>tradit,</strong></span> <span class='ocrx_word' id='word_1_83' title='bbox 1043 1030 1104 1081; x_wconf 91' lang='lat' dir='ltr'><strong>ut</strong></span> <span class='ocrx_word' id='word_1_84' title='bbox 1137 1033 1352 1102; x_wconf 85' lang='lat' dir='ltr'><strong>corpus</strong></span> <span class='ocrx_word' id='word_1_85' title='bbox 1382 1024 1551 1082; x_wconf 85' lang='lat' dir='ltr'><strong>etiam</strong></span> <span class='ocrx_word' id='word_1_86' title='bbox 1584 1023 1937 1083; x_wconf 79' lang='lat' dir='ltr'><strong>auferretur:</strong></span> <span class='ocrx_word' id='word_1_87' title='bbox 1970 1024 2100 1101; x_wconf 85' lang='lat' dir='ltr'><strong>ipse</strong></span> <span class='ocrx_word' id='word_1_88' title='bbox 2120 1042 2171 1082; x_wconf 82' lang='grc' dir='ltr'><strong>ιο</strong></span> <span class='ocrx_word' id='word_1_89' title='bbox 2202 1039 2208 1046; x_wconf 94' lang='grc'><em>·</em></span> 
     </span>
     <span class='ocr_line' id='line_1_11' title="bbox 103 1103 2098 1184; baseline -0.001 -18"><span class='ocrx_word' id='word_1_90' title='bbox 103 1121 388 1182; x_wconf 82' lang='lat' dir='ltr'><strong>praeceps</strong></span> <span class='ocrx_word' id='word_1_91' title='bbox 431 1103 682 1163; x_wconf 88' lang='lat' dir='ltr'><strong>Hiberos</strong></span> <span class='ocrx_word' id='word_1_92' title='bbox 719 1104 790 1164; x_wconf 87' lang='lat' dir='ltr'><strong>ad</strong></span> <span class='ocrx_word' id='word_1_93' title='bbox 830 1107 1072 1183; x_wconf 88' lang='lat' dir='ltr'><strong>patrium</strong></span> <span class='ocrx_word' id='word_1_94' title='bbox 1112 1123 1357 1182; x_wconf 81' lang='lat' dir='ltr'><strong>regnum</strong></span> <span class='ocrx_word' id='word_1_95' title='bbox 1384 1107 1670 1184; x_wconf 82' lang='lat' dir='ltr'><strong>pervadit.</strong></span> <span class='ocrx_word' id='word_1_96' title='bbox 1730 1108 1958 1166; x_wconf 83' lang='lat' dir='ltr'><strong>interim</strong></span> <span class='ocrx_word' id='word_1_97' title='bbox 1991 1107 2098 1167; x_wconf 89' lang='lat' dir='ltr'><strong>Ze-</strong></span> 
     </span>
     <span class='ocr_line' id='line_1_12' title="bbox 101 1186 2099 1270; baseline 0.002 -24"><span class='ocrx_word' id='word_1_98' title='bbox 101 1186 326 1248; x_wconf 89' lang='lat' dir='ltr'><strong>nobiam</strong></span> <span class='ocrx_word' id='word_1_99' title='bbox 358 1187 447 1268; x_wconf 88' lang='lat' dir='ltr'><strong>(id</strong></span> <span class='ocrx_word' id='word_1_100' title='bbox 473 1188 697 1247; x_wconf 86' lang='lat' dir='ltr'><strong>mulieri</strong></span> <span class='ocrx_word' id='word_1_101' title='bbox 725 1189 964 1266; x_wconf 88' lang='lat' dir='ltr'><strong>nomen)</strong></span> <span class='ocrx_word' id='word_1_102' title='bbox 995 1189 1224 1268; x_wconf 90' lang='lat' dir='ltr'><strong>placida</strong></span> <span class='ocrx_word' id='word_1_103' title='bbox 1258 1190 1471 1249; x_wconf 90' lang='lat' dir='ltr'><strong>inluvie</strong></span> <span class='ocrx_word' id='word_1_104' title='bbox 1503 1193 1814 1270; x_wconf 84' lang='lat' dir='ltr'><strong>spirantem</strong></span> <span class='ocrx_word' id='word_1_105' title='bbox 1846 1209 1917 1250; x_wconf 90' lang='lat' dir='ltr'><strong>ac</strong></span> <span class='ocrx_word' id='word_1_106' title='bbox 1946 1193 2099 1250; x_wconf 85' lang='lat' dir='ltr'><strong>vitae</strong></span> 
     </span>
     <span class='ocr_line' id='line_1_13' title="bbox 101 1271 2099 1351; baseline 0.002 -21"><span class='ocrx_word' id='word_1_107' title='bbox 101 1273 454 1332; x_wconf 79' lang='lat' dir='ltr'><strong>manifestam</strong></span> <span class='ocrx_word' id='word_1_108' title='bbox 485 1271 794 1332; x_wconf 88' lang='lat' dir='ltr'><strong>advertere</strong></span> <span class='ocrx_word' id='word_1_109' title='bbox 823 1278 1116 1350; x_wconf 88' lang='lat' dir='ltr'><strong>pastores,</strong></span> <span class='ocrx_word' id='word_1_110' title='bbox 1164 1281 1224 1332; x_wconf 87' lang='lat' dir='ltr'><strong>et</strong></span> <span class='ocrx_word' id='word_1_111' title='bbox 1252 1274 1531 1351; x_wconf 82' lang='lat' dir='ltr'><strong>dignitate</strong></span> <span class='ocrx_word' id='word_1_112' title='bbox 1562 1273 1785 1336; x_wconf 82' lang='lat' dir='ltr'><strong>formae</strong></span> <span class='ocrx_word' id='word_1_113' title='bbox 1815 1274 1965 1336; x_wconf 89' lang='lat' dir='ltr'><strong>haud</strong></span> <span class='ocrx_word' id='word_1_114' title='bbox 2000 1275 2099 1335; x_wconf 91' lang='lat' dir='ltr'><strong>de·</strong></span> 
     </span>
     <span class='ocr_line' id='line_1_14' title="bbox 101 1355 2099 1457; baseline 0.002 -43"><span class='ocrx_word' id='word_1_115' title='bbox 101 1373 392 1432; x_wconf 86' lang='lat' dir='ltr'><strong>generem</strong></span> <span class='ocrx_word' id='word_1_116' title='bbox 425 1357 796 1435; x_wconf 83' lang='lat' dir='ltr'><strong>reputantes</strong></span> <span class='ocrx_word' id='word_1_117' title='bbox 823 1355 1084 1433; x_wconf 86' lang='lat' dir='ltr'><strong>obligant</strong></span> <span class='ocrx_word' id='word_1_118' title='bbox 1131 1357 1389 1457; x_wconf 43' lang='lat' dir='ltr'><strong>vulnus,</strong></span> <span class='ocrx_word' id='word_1_119' title='bbox 1434 1359 1687 1436; x_wconf 88' lang='lat' dir='ltr'><strong>agrestia</strong></span> <span class='ocrx_word' id='word_1_120' title='bbox 1722 1359 2099 1420; x_wconf 85' lang='lat' dir='ltr'><strong>medicamina</strong></span> 
     </span>
     <span class='ocr_line' id='line_1_15' title="bbox 101 1433 2198 1518; baseline 0.001 -19"><span class='ocrx_word' id='word_1_121' title='bbox 101 1439 370 1500; x_wconf 87' lang='lat' dir='ltr'><strong>adhibent</strong></span> <span class='ocrx_word' id='word_1_122' title='bbox 409 1442 766 1518; x_wconf 81' lang='lat' dir='ltr'><strong>cognitoque</strong></span> <span class='ocrx_word' id='word_1_123' title='bbox 811 1442 1041 1500; x_wconf 90' lang='lat' dir='ltr'><strong>nomine</strong></span> <span class='ocrx_word' id='word_1_124' title='bbox 1088 1433 1146 1500; x_wconf 88' lang='lat' dir='ltr'><strong>e&#39;t</strong></span> <span class='ocrx_word' id='word_1_125' title='bbox 1192 1459 1330 1503; x_wconf 87' lang='lat' dir='ltr'><strong>casu</strong></span> <span class='ocrx_word' id='word_1_126' title='bbox 1372 1443 1428 1502; x_wconf 91' lang='lat' dir='ltr'><strong>in</strong></span> <span class='ocrx_word' id='word_1_127' title='bbox 1462 1442 1661 1503; x_wconf 89' lang='lat' dir='ltr'><strong>urbem</strong></span> <span class='ocrx_word' id='word_1_128' title='bbox 1696 1445 1976 1503; x_wconf 82' lang='lat' dir='ltr'><strong>Artaxata</strong></span> <span class='ocrx_word' id='word_1_129' title='bbox 2011 1442 2198 1502; x_wconf 82' lang='lat' dir='ltr'><strong>fe·15·</strong></span> 
     </span>
     <span class='ocr_line' id='line_1_16' title="bbox 97 1523 2094 1624; baseline 0.003 -44"><span class='ocrx_word' id='word_1_130' title='bbox 97 1533 249 1594; x_wconf 90' lang='lat' dir='ltr'><strong>runt;</strong></span> <span class='ocrx_word' id='word_1_131' title='bbox 291 1523 442 1584; x_wconf 84' lang='lat' dir='ltr'><strong>unde</strong></span> <span class='ocrx_word' id='word_1_132' title='bbox 469 1523 700 1624; x_wconf 74' lang='lat' dir='ltr'><strong>publica</strong></span> <span class='ocrx_word' id='word_1_133' title='bbox 736 1543 871 1584; x_wconf 87' lang='lat' dir='ltr'><strong>cura</strong></span> <span class='ocrx_word' id='word_1_134' title='bbox 903 1525 1146 1585; x_wconf 90' lang='lat' dir='ltr'><strong>deducta</strong></span> <span class='ocrx_word' id='word_1_135' title='bbox 1178 1526 1249 1586; x_wconf 92' lang='lat' dir='ltr'><strong>ad</strong></span> <span class='ocrx_word' id='word_1_136' title='bbox 1285 1525 1577 1588; x_wconf 87' lang='lat' dir='ltr'><strong>Tiridaten</strong></span> <span class='ocrx_word' id='word_1_137' title='bbox 1608 1529 1966 1606; x_wconf 81' lang='lat' dir='ltr'><strong>comiterque</strong></span> <span class='ocrx_word' id='word_1_138' title='bbox 1998 1545 2094 1586; x_wconf 87' lang='lat' dir='ltr'><strong>ex-</strong></span> 
     </span>
     <span class='ocr_line' id='line_1_17' title="bbox 99 1608 1027 1687; baseline 0.002 -21"><span class='ocrx_word' id='word_1_139' title='bbox 99 1618 267 1687; x_wconf 86' lang='lat' dir='ltr'><strong>cepta</strong></span> <span class='ocrx_word' id='word_1_140' title='bbox 301 1608 458 1668; x_wconf 88' lang='lat' dir='ltr'><strong>cultu</strong></span> <span class='ocrx_word' id='word_1_141' title='bbox 486 1610 656 1685; x_wconf 82' lang='lat' dir='ltr'><strong>regio</strong></span> <span class='ocrx_word' id='word_1_142' title='bbox 686 1608 880 1669; x_wconf 87' lang='lat' dir='ltr'><strong>hahita</strong></span> <span class='ocrx_word' id='word_1_143' title='bbox 911 1619 1027 1668; x_wconf 88' lang='lat' dir='ltr'><strong>est.-</strong></span> 
     </span>
    </p>

    <p class='ocr_par' dir='ltr' id='par_1_3' title="bbox 77 1691 2196 2696">
     <span class='ocr_line' id='line_1_18' title="bbox 215 1691 2096 1780; baseline 0.001 -27"><span class='ocrx_word' id='word_1_144' title='bbox 215 1693 317 1753; x_wconf 83' lang='lat'><strong>52.</strong></span> <span class='ocrx_word' id='word_1_145' title='bbox 361 1691 574 1752; x_wconf 86' lang='lat' dir='ltr'><strong>Fausto</strong></span> <span class='ocrx_word' id='word_1_146' title='bbox 619 1691 779 1753; x_wconf 87' lang='lat' dir='ltr'><strong>Sulla</strong></span> <span class='ocrx_word' id='word_1_147' title='bbox 823 1693 1019 1780; x_wconf 73' lang='lat' dir='ltr'><strong>Salvio</strong></span> <span class='ocrx_word' id='word_1_148' title='bbox 1055 1692 1285 1753; x_wconf 87' lang='lat' dir='ltr'><strong>Othone</strong></span> <span class='ocrx_word' id='word_1_149' title='bbox 1328 1695 1663 1757; x_wconf 89' lang='lat' dir='ltr'><strong>consulibus</strong></span> <span class='ocrx_word' id='word_1_150' title='bbox 1702 1695 1911 1756; x_wconf 86' lang='lat' dir='ltr'><strong>Furius</strong></span> <span class='ocrx_word' id='word_1_151' title='bbox 1945 1694 2096 1754; x_wconf 89' lang='lat' dir='ltr'><strong>Scri-</strong></span> 
     </span>
     <span class='ocr_line' id='line_1_19' title="bbox 95 1774 2097 1858; baseline 0.003 -25"><span class='ocrx_word' id='word_1_152' title='bbox 95 1774 374 1837; x_wconf 85' lang='lat' dir='ltr'><strong>bonianus</strong></span> <span class='ocrx_word' id='word_1_153' title='bbox 415 1778 473 1836; x_wconf 82' lang='lat' dir='ltr'><strong>i‘n</strong></span> <span class='ocrx_word' id='word_1_154' title='bbox 519 1775 749 1836; x_wconf 84' lang='lat' dir='ltr'><strong>exilium</strong></span> <span class='ocrx_word' id='word_1_155' title='bbox 792 1778 1010 1855; x_wconf 85' lang='lat' dir='ltr'><strong>agitur,</strong></span> <span class='ocrx_word' id='word_1_156' title='bbox 1060 1781 1220 1856; x_wconf 85' lang='lat' dir='ltr'><strong>quasi</strong></span> <span class='ocrx_word' id='word_1_157' title='bbox 1264 1779 1435 1838; x_wconf 85' lang='lat' dir='ltr'><strong>linem</strong></span> <span class='ocrx_word' id='word_1_158' title='bbox 1465 1781 1747 1858; x_wconf 88' lang='lat' dir='ltr'><strong>principis</strong></span> <span class='ocrx_word' id='word_1_159' title='bbox 1780 1797 1890 1858; x_wconf 88' lang='lat' dir='ltr'><strong>per</strong></span> <span class='ocrx_word' id='word_1_160' title='bbox 1926 1777 2097 1839; x_wconf 84' lang='lat' dir='ltr'><strong>Chal·</strong></span> 
     </span>
     <span class='ocr_line' id='line_1_20' title="bbox 77 1859 2105 1939; baseline 0.001 -21"><span class='ocrx_word' id='word_1_161' title='bbox 77 1859 273 1930; x_wconf 60' lang='lat' dir='ltr'><strong>⁸daeos</strong></span> <span class='ocrx_word' id='word_1_162' title='bbox 306 1870 676 1922; x_wconf 81' lang='lat' dir='ltr'><strong>scrutaretur.</strong></span> <span class='ocrx_word' id='word_1_163' title='bbox 734 1861 1144 1922; x_wconf 88' lang='lat' dir='ltr'><strong>adnectebatur</strong></span> <span class='ocrx_word' id='word_1_164' title='bbox 1175 1863 1395 1922; x_wconf 86' lang='lat' dir='ltr'><strong>crimini</strong></span> <span class='ocrx_word' id='word_1_165' title='bbox 1424 1861 1594 1923; x_wconf 89' lang='lat' dir='ltr'><strong>Vibia</strong></span> <span class='ocrx_word' id='word_1_166' title='bbox 1624 1871 1809 1922; x_wconf 90' lang='lat' dir='ltr'><strong>mater</strong></span> <span class='ocrx_word' id='word_1_167' title='bbox 1840 1864 1991 1939; x_wconf 86' lang='lat' dir='ltr'><strong>eius,</strong></span> <span class='ocrx_word' id='word_1_168' title='bbox 2037 1872 2105 1931; x_wconf 72' lang='lat' dir='ltr'><strong>ut</strong></span> 
     </span>
     <span class='ocr_line' id='line_1_21' title="bbox 95 1945 2093 2027; baseline 0.001 -24"><span class='ocrx_word' id='word_1_169' title='bbox 95 1962 266 2007; x_wconf 88' lang='lat' dir='ltr'><strong>casus</strong></span> <span class='ocrx_word' id='word_1_170' title='bbox 309 1947 517 2025; x_wconf 88' lang='lat' dir='ltr'><strong>prioris</strong></span> <span class='ocrx_word' id='word_1_171' title='bbox 564 1947 724 2027; x_wconf 86' lang='lat' dir='ltr'><strong>(nam</strong></span> <span class='ocrx_word' id='word_1_172' title='bbox 769 1945 1032 2023; x_wconf 85' lang='lat' dir='ltr'><strong>relegata</strong></span> <span class='ocrx_word' id='word_1_173' title='bbox 1073 1945 1228 2023; x_wconf 86' lang='lat' dir='ltr'><strong>erat)</strong></span> <span class='ocrx_word' id='word_1_174' title='bbox 1273 1947 1579 2023; x_wconf 86' lang='lat' dir='ltr'><strong>inpatiens.</strong></span> <span class='ocrx_word' id='word_1_175' title='bbox 1647 1954 1817 2023; x_wconf 88' lang='lat' dir='ltr'><strong>pater</strong></span> <span class='ocrx_word' id='word_1_176' title='bbox 1860 1945 2093 2005; x_wconf 54' lang='lat' dir='ltr'><strong>Scribo*</strong></span> 
     </span>
     <span class='ocr_line' id='line_1_22' title="bbox 91 2027 2143 2108; baseline -0.001 -21"><span class='ocrx_word' id='word_1_177' title='bbox 91 2029 244 2090; x_wconf 88' lang='lat' dir='ltr'><strong>niani</strong></span> <span class='ocrx_word' id='word_1_178' title='bbox 275 2028 561 2091; x_wconf 74' lang='lat' dir='ltr'><strong>Camillus</strong></span> <span class='ocrx_word' id='word_1_179' title='bbox 590 2048 746 2091; x_wconf 87' lang='lat' dir='ltr'><strong>arma</strong></span> <span class='ocrx_word' id='word_1_180' title='bbox 785 2048 892 2108; x_wconf 89' lang='lat' dir='ltr'><strong>per</strong></span> <span class='ocrx_word' id='word_1_181' title='bbox 920 2030 1259 2090; x_wconf 84' lang='lat' dir='ltr'><strong>Delmatiam</strong></span> <span class='ocrx_word' id='word_1_182' title='bbox 1299 2037 1595 2098; x_wconf 86' lang='lat' dir='ltr'><strong>moverat;</strong></span> <span class='ocrx_word' id='word_1_183' title='bbox 1644 2028 1825 2107; x_wconf 86' lang='lat' dir='ltr'><strong>idque</strong></span> <span class='ocrx_word' id='word_1_184' title='bbox 1866 2027 1937 2087; x_wconf 89' lang='lat' dir='ltr'><strong>ad</strong></span> <span class='ocrx_word' id='word_1_185' title='bbox 1981 2028 2095 2087; x_wconf 90' lang='lat' dir='ltr'><strong>cle·</strong></span> <span class='ocrx_word' id='word_1_186' title='bbox 2118 2043 2143 2083; x_wconf 87' lang='lat'><strong>5</strong></span> 
     </span>
     <span class='ocr_line' id='line_1_23' title="bbox 89 2112 2097 2192; baseline -0.001 -19"><span class='ocrx_word' id='word_1_187' title='bbox 89 2115 358 2173; x_wconf 88' lang='lat' dir='ltr'><strong>mentiam</strong></span> <span class='ocrx_word' id='word_1_188' title='bbox 387 2112 652 2173; x_wconf 89' lang='lat' dir='ltr'><strong>trahebat</strong></span> <span class='ocrx_word' id='word_1_189' title='bbox 677 2113 926 2191; x_wconf 83' lang='lat' dir='ltr'><strong>Caesar,</strong></span> <span class='ocrx_word' id='word_1_190' title='bbox 969 2114 1126 2191; x_wconf 83' lang='lat' dir='ltr'><strong>quod</strong></span> <span class='ocrx_word' id='word_1_191' title='bbox 1151 2115 1391 2192; x_wconf 89' lang='lat' dir='ltr'><strong>stirpem</strong></span> <span class='ocrx_word' id='word_1_192' title='bbox 1420 2112 1691 2173; x_wconf 82' lang='lat' dir='ltr'><strong>hostilem</strong></span> <span class='ocrx_word' id='word_1_193' title='bbox 1723 2115 1929 2172; x_wconf 87' lang='lat' dir='ltr'><strong>iterum</strong></span> <span class='ocrx_word' id='word_1_194' title='bbox 1961 2126 2097 2171; x_wconf 84' lang='lat' dir='ltr'><strong>con·</strong></span> 
     </span>
     <span class='ocr_line' id='line_1_24' title="bbox 89 2196 2196 2277; baseline 0 -21"><span class='ocrx_word' id='word_1_195' title='bbox 89 2205 379 2256; x_wconf 85' lang='lat' dir='ltr'><strong>servaret.</strong></span> <span class='ocrx_word' id='word_1_196' title='bbox 439 2214 628 2275; x_wconf 89' lang='lat' dir='ltr'><strong>neque</strong></span> <span class='ocrx_word' id='word_1_197' title='bbox 666 2206 855 2258; x_wconf 88' lang='lat' dir='ltr'><strong>tamen</strong></span> <span class='ocrx_word' id='word_1_198' title='bbox 901 2198 1056 2257; x_wconf 86' lang='lat' dir='ltr'><strong>exuli</strong></span> <span class='ocrx_word' id='word_1_199' title='bbox 1100 2197 1275 2273; x_wconf 82' lang='lat' dir='ltr'><strong>longa</strong></span> <span class='ocrx_word' id='word_1_200' title='bbox 1311 2196 1557 2277; x_wconf 88' lang='lat' dir='ltr'><strong>posthac</strong></span> <span class='ocrx_word' id='word_1_201' title='bbox 1586 2200 1704 2257; x_wconf 87' lang='lat' dir='ltr'><strong>vita</strong></span> <span class='ocrx_word' id='word_1_202' title='bbox 1745 2197 1882 2257; x_wconf 62' lang='lat' dir='ltr'><strong>fuit*</strong></span> <span class='ocrx_word' id='word_1_203' title='bbox 1912 2206 2097 2257; x_wconf 88' lang='lat' dir='ltr'><strong>morte</strong></span> <span class='ocrx_word' id='word_1_204' title='bbox 2188 2252 2196 2257; x_wconf 80' lang='lat'><strong>.</strong></span> 
     </span>
     <span class='ocr_line' id='line_1_25' title="bbox 85 2279 2096 2361; baseline -0.001 -21"><span class='ocrx_word' id='word_1_205' title='bbox 85 2279 330 2340; x_wconf 85' lang='lat' dir='ltr'><strong>fortuita</strong></span> <span class='ocrx_word' id='word_1_206' title='bbox 361 2296 430 2339; x_wconf 87' lang='lat' dir='ltr'><strong>an</strong></span> <span class='ocrx_word' id='word_1_207' title='bbox 463 2297 570 2358; x_wconf 88' lang='lat' dir='ltr'><strong>per</strong></span> <span class='ocrx_word' id='word_1_208' title='bbox 603 2297 887 2340; x_wconf 89' lang='lat' dir='ltr'><strong>venenum</strong></span> <span class='ocrx_word' id='word_1_209' title='bbox 921 2281 1208 2339; x_wconf 87' lang='lat' dir='ltr'><strong>extinctus</strong></span> <span class='ocrx_word' id='word_1_210' title='bbox 1237 2289 1425 2358; x_wconf 80' lang='lat' dir='ltr'><strong>esset,</strong></span> <span class='ocrx_word' id='word_1_211' title='bbox 1471 2289 1531 2341; x_wconf 91' lang='lat' dir='ltr'><strong>ut</strong></span> <span class='ocrx_word' id='word_1_212' title='bbox 1560 2285 1803 2361; x_wconf 85' lang='lat' dir='ltr'><strong>quisque</strong></span> <span class='ocrx_word' id='word_1_213' title='bbox 1832 2280 2096 2357; x_wconf 86' lang='lat' dir='ltr'><strong>credidit,</strong></span> 
     </span>
     <span class='ocr_line' id='line_1_26' title="bbox 87 2363 2178 2444; baseline 0 -21"><span class='ocrx_word' id='word_1_214' title='bbox 87 2364 437 2441; x_wconf 83' lang='lat' dir='ltr'><strong>vulgavere.</strong></span> <span class='ocrx_word' id='word_1_215' title='bbox 506 2364 580 2423; x_wconf 89' lang='lat' dir='ltr'><strong>de</strong></span> <span class='ocrx_word' id='word_1_216' title='bbox 619 2363 1034 2425; x_wconf 84' lang='lat' dir='ltr'><strong>mathematicis</strong></span> <span class='ocrx_word' id='word_1_217' title='bbox 1075 2364 1240 2425; x_wconf 88' lang='lat' dir='ltr'><strong>ltalia</strong></span> <span class='ocrx_word' id='word_1_218' title='bbox 1284 2363 1570 2444; x_wconf 78' lang='lat' dir='ltr'><strong>pellendis</strong></span> <span class='ocrx_word' id='word_1_219' title='bbox 1609 2366 1821 2425; x_wconf 79' lang='lat' dir='ltr'><strong>factum</strong></span> <span class='ocrx_word' id='word_1_220' title='bbox 1866 2374 2097 2426; x_wconf 88' lang='lat' dir='ltr'><strong>senatus</strong></span> <span class='ocrx_word' id='word_1_221' title='bbox 2172 2436 2178 2441; x_wconf 22' lang='lat'>¹</span> 
     </span>
     <span class='ocr_line' id='line_1_27' title="bbox 93 2446 2167 2530; baseline -0.001 -23"><span class='ocrx_word' id='word_1_222' title='bbox 93 2446 417 2507; x_wconf 85' lang='lat' dir='ltr'><strong>consultum</strong></span> <span class='ocrx_word' id='word_1_223' title='bbox 437 2457 622 2530; x_wconf 60' lang='lat' dir='ltr'><strong>,atrox</strong></span> <span class='ocrx_word' id='word_1_224' title='bbox 653 2457 711 2508; x_wconf 89' lang='lat' dir='ltr'><strong>et</strong></span> <span class='ocrx_word' id='word_1_225' title='bbox 741 2449 984 2508; x_wconf 88' lang='lat' dir='ltr'><strong>inritum.</strong></span> <span class='ocrx_word' id='word_1_226' title='bbox 1041 2448 1256 2509; x_wconf 89' lang='lat' dir='ltr'><strong>laudati</strong></span> <span class='ocrx_word' id='word_1_227' title='bbox 1285 2448 1494 2510; x_wconf 89' lang='lat' dir='ltr'><strong>dehinc</strong></span> <span class='ocrx_word' id='word_1_228' title='bbox 1525 2450 1791 2510; x_wconf 84' lang='lat' dir='ltr'><strong>oratione</strong></span> <span class='ocrx_word' id='word_1_229' title='bbox 1815 2449 2095 2526; x_wconf 88' lang='lat' dir='ltr'><strong>principis</strong></span> <span class='ocrx_word' id='word_1_230' title='bbox 2116 2465 2167 2506; x_wconf 80' lang='grc' dir='ltr'><strong>ιο</strong></span> 
     </span>
     <span class='ocr_line' id='line_1_28' title="bbox 96 2530 2099 2612; baseline -0.002 -20"><span class='ocrx_word' id='word_1_231' title='bbox 96 2534 191 2611; x_wconf 90' lang='lat' dir='ltr'><strong>qui</strong></span> <span class='ocrx_word' id='word_1_232' title='bbox 225 2530 302 2591; x_wconf 89' lang='lat' dir='ltr'><strong>ob</strong></span> <span class='ocrx_word' id='word_1_233' title='bbox 333 2532 629 2609; x_wconf 82' lang='lat' dir='ltr'><strong>angustias</strong></span> <span class='ocrx_word' id='word_1_234' title='bbox 656 2531 968 2593; x_wconf 82' lang='lat' dir='ltr'><strong>familiares</strong></span> <span class='ocrx_word' id='word_1_235' title='bbox 997 2532 1200 2593; x_wconf 89' lang='lat' dir='ltr'><strong>ordine</strong></span> <span class='ocrx_word' id='word_1_236' title='bbox 1232 2536 1527 2594; x_wconf 88' lang='lat' dir='ltr'><strong>senatorio</strong></span> <span class='ocrx_word' id='word_1_237' title='bbox 1563 2541 1775 2612; x_wconf 86' lang='lat' dir='ltr'><strong>sponte</strong></span> <span class='ocrx_word' id='word_1_238' title='bbox 1801 2531 2099 2607; x_wconf 87' lang='lat' dir='ltr'><strong>cederent,</strong></span> 
     </span>
     <span class='ocr_line' id='line_1_29' title="bbox 93 2616 1977 2696; baseline -0.001 -21"><span class='ocrx_word' id='word_1_239' title='bbox 93 2618 351 2695; x_wconf 89' lang='lat' dir='ltr'><strong>motique</strong></span> <span class='ocrx_word' id='word_1_240' title='bbox 383 2617 479 2695; x_wconf 89' lang='lat' dir='ltr'><strong>qui</strong></span> <span class='ocrx_word' id='word_1_241' title='bbox 507 2616 856 2676; x_wconf 87' lang='lat' dir='ltr'><strong>remanendo</strong></span> <span class='ocrx_word' id='word_1_242' title='bbox 883 2617 1271 2696; x_wconf 86' lang='lat' dir='ltr'><strong>inpudentiam</strong></span> <span class='ocrx_word' id='word_1_243' title='bbox 1302 2620 1627 2696; x_wconf 90' lang='lat' dir='ltr'><strong>paupertati</strong></span> <span class='ocrx_word' id='word_1_244' title='bbox 1661 2616 1977 2677; x_wconf 87' lang='lat' dir='ltr'><strong>adicerent.</strong></span> 
     </span>
    </p>

    <p class='ocr_par' dir='ltr' id='par_1_4' title="bbox 91 2699 2168 3533">
     <span class='ocr_line' id='line_1_30' title="bbox 219 2699 2096 2782; baseline -0.002 -21"><span class='ocrx_word' id='word_1_245' title='bbox 219 2700 522 2762; x_wconf 77' lang='lat' dir='ltr'><strong>53.1nter</strong></span> <span class='ocrx_word' id='word_1_246' title='bbox 551 2718 700 2779; x_wconf 89' lang='lat' dir='ltr'><strong>quae</strong></span> <span class='ocrx_word' id='word_1_247' title='bbox 729 2699 912 2760; x_wconf 78' lang='lat' dir='ltr'><strong>refert</strong></span> <span class='ocrx_word' id='word_1_248' title='bbox 940 2701 1012 2760; x_wconf 86' lang='lat' dir='ltr'><strong>ad</strong></span> <span class='ocrx_word' id='word_1_249' title='bbox 1041 2710 1238 2782; x_wconf 88' lang='lat' dir='ltr'><strong>patres</strong></span> <span class='ocrx_word' id='word_1_250' title='bbox 1270 2700 1341 2761; x_wconf 87' lang='lat' dir='ltr'><strong>de</strong></span> <span class='ocrx_word' id='word_1_251' title='bbox 1368 2719 1559 2780; x_wconf 89' lang='lat' dir='ltr'><strong>poena</strong></span> <span class='ocrx_word' id='word_1_252' title='bbox 1588 2700 1924 2760; x_wconf 81' lang='lat' dir='ltr'><strong>feminarum</strong></span> <span class='ocrx_word' id='word_1_253' title='bbox 1948 2716 2096 2777; x_wconf 88' lang='lat' dir='ltr'><strong>quae</strong></span> 
     </span>
     <span class='ocr_line' id='line_1_31' title="bbox 97 2781 2096 2864; baseline -0.001 -21"><span class='ocrx_word' id='word_1_254' title='bbox 97 2785 284 2844; x_wconf 82' lang='lat' dir='ltr'><strong>servis</strong></span> <span class='ocrx_word' id='word_1_255' title='bbox 315 2785 835 2863; x_wconf 86' lang='lat' dir='ltr'><strong>coniungerentur;</strong></span> <span class='ocrx_word' id='word_1_256' title='bbox 883 2788 1293 2864; x_wconf 83' lang='lat' dir='ltr'><strong>statuiturque,</strong></span> <span class='ocrx_word' id='word_1_257' title='bbox 1344 2795 1405 2845; x_wconf 88' lang='lat' dir='ltr'><strong>ut</strong></span> <span class='ocrx_word' id='word_1_258' title='bbox 1434 2786 1639 2863; x_wconf 86' lang='lat' dir='ltr'><strong>ignaro</strong></span> <span class='ocrx_word' id='word_1_259' title='bbox 1676 2784 1905 2844; x_wconf 88' lang='lat' dir='ltr'><strong>domino</strong></span> <span class='ocrx_word' id='word_1_260' title='bbox 1938 2782 2010 2843; x_wconf 90' lang='lat' dir='ltr'><strong>ad</strong></span> <span class='ocrx_word' id='word_1_261' title='bbox 2038 2781 2096 2842; x_wconf 88' lang='lat' dir='ltr'><strong>id</strong></span> 
     </span>
     <span class='ocr_line' id='line_1_32' title="bbox 96 2864 2093 2948; baseline -0.001 -22"><span class='ocrx_word' id='word_1_262' title='bbox 96 2868 410 2948; x_wconf 88' lang='lat' dir='ltr'><strong>prolapsae</strong></span> <span class='ocrx_word' id='word_1_263' title='bbox 452 2870 512 2928; x_wconf 86' lang='lat' dir='ltr'><strong>in</strong></span> <span class='ocrx_word' id='word_1_264' title='bbox 551 2870 868 2945; x_wconf 88' lang='lat' dir='ltr'><strong>servitute,</strong></span> <span class='ocrx_word' id='word_1_265' title='bbox 901 2869 988 2928; x_wconf 88' lang='lat' dir='ltr'><strong>sin</strong></span> <span class='ocrx_word' id='word_1_266' title='bbox 1031 2870 1457 2947; x_wconf 86' lang='lat' dir='ltr'><strong>consensisset,</strong></span> <span class='ocrx_word' id='word_1_267' title='bbox 1506 2886 1615 2948; x_wconf 89' lang='lat' dir='ltr'><strong>pro</strong></span> <span class='ocrx_word' id='word_1_268' title='bbox 1647 2869 1873 2929; x_wconf 86' lang='lat' dir='ltr'><strong>libertis</strong></span> <span class='ocrx_word' id='word_1_269' title='bbox 1915 2864 2093 2927; x_wconf 86' lang='lat' dir='ltr'><strong>habe-</strong></span> 
     </span>
     <span class='ocr_line' id='line_1_33' title="bbox 93 2950 2097 3032; baseline -0 -23"><span class='ocrx_word' id='word_1_270' title='bbox 93 2961 306 3012; x_wconf 86' lang='lat' dir='ltr'><strong>rentur.</strong></span> <span class='ocrx_word' id='word_1_271' title='bbox 369 2951 644 3029; x_wconf 78' lang='lat' dir='ltr'><strong>Pallanti,</strong></span> <span class='ocrx_word' id='word_1_272' title='bbox 697 2970 868 3031; x_wconf 88' lang='lat' dir='ltr'><strong>quem</strong></span> <span class='ocrx_word' id='word_1_273' title='bbox 907 2962 1271 3032; x_wconf 88' lang='lat' dir='ltr'><strong>repertorem</strong></span> <span class='ocrx_word' id='word_1_274' title='bbox 1319 2954 1442 3013; x_wconf 90' lang='lat' dir='ltr'><strong>eius</strong></span> <span class='ocrx_word' id='word_1_275' title='bbox 1482 2953 1783 3013; x_wconf 79' lang='lat' dir='ltr'><strong>relationis</strong></span> <span class='ocrx_word' id='word_1_276' title='bbox 1833 2950 2097 3010; x_wconf 89' lang='lat' dir='ltr'><strong>ediderat</strong></span> 
     </span>
     <span class='ocr_line' id='line_1_34' title="bbox 97 3032 2143 3115; baseline -0.001 -21"><span class='ocrx_word' id='word_1_277' title='bbox 97 3032 346 3113; x_wconf 76' lang='lat' dir='ltr'><strong>Caesar,</strong></span> <span class='ocrx_word' id='word_1_278' title='bbox 389 3038 684 3115; x_wconf 85' lang='lat' dir='ltr'><strong>praetoria</strong></span> <span class='ocrx_word' id='word_1_279' title='bbox 725 3037 971 3113; x_wconf 83' lang='lat' dir='ltr'><strong>insignia</strong></span> <span class='ocrx_word' id='word_1_280' title='bbox 1017 3045 1074 3095; x_wconf 90' lang='lat' dir='ltr'><strong>et</strong></span> <span class='ocrx_word' id='word_1_281' title='bbox 1119 3038 1377 3097; x_wconf 88' lang='lat' dir='ltr'><strong>centiens</strong></span> <span class='ocrx_word' id='word_1_282' title='bbox 1416 3036 1838 3115; x_wconf 82' lang='lat' dir='ltr'><strong>quinquagiens</strong></span> <span class='ocrx_word' id='word_1_283' title='bbox 1882 3042 2143 3094; x_wconf 58' lang='lat' dir='ltr'><strong>sesteres</strong></span> 
     </span>
     <span class='ocr_line' id='line_1_35' title="bbox 96 3118 2098 3198; baseline -0 -21"><span class='ocrx_word' id='word_1_284' title='bbox 96 3120 228 3179; x_wconf 87' lang='lat' dir='ltr'><strong>tium</strong></span> <span class='ocrx_word' id='word_1_285' title='bbox 285 3123 508 3180; x_wconf 88' lang='lat' dir='ltr'><strong>censuit</strong></span> <span class='ocrx_word' id='word_1_286' title='bbox 553 3120 756 3181; x_wconf 90' lang='lat' dir='ltr'><strong>consul</strong></span> <span class='ocrx_word' id='word_1_287' title='bbox 792 3120 1146 3198; x_wconf 67' lang='lat' dir='ltr'><strong>designatus</strong></span> <span class='ocrx_word' id='word_1_288' title='bbox 1193 3120 1378 3180; x_wconf 88' lang='lat' dir='ltr'><strong>Barea</strong></span> <span class='ocrx_word' id='word_1_289' title='bbox 1431 3121 1706 3180; x_wconf 87' lang='lat' dir='ltr'><strong>Soranus.</strong></span> <span class='ocrx_word' id='word_1_290' title='bbox 1768 3118 2017 3177; x_wconf 89' lang='lat' dir='ltr'><strong>additum</strong></span> <span class='ocrx_word' id='word_1_291' title='bbox 2065 3134 2098 3176; x_wconf 84' lang='lat' dir='ltr'><strong>a</strong></span> 
     </span>
     <span class='ocr_line' id='line_1_36' title="bbox 98 3198 2096 3285; baseline -0.001 -24"><span class='ocrx_word' id='word_1_292' title='bbox 98 3203 371 3283; x_wconf 88' lang='lat' dir='ltr'><strong>Scipione</strong></span> <span class='ocrx_word' id='word_1_293' title='bbox 401 3202 676 3265; x_wconf 81' lang='lat' dir='ltr'><strong>Cornelio</strong></span> <span class='ocrx_word' id='word_1_294' title='bbox 706 3214 908 3284; x_wconf 77' lang='lat' dir='ltr'><strong>grates</strong></span> <span class='ocrx_word' id='word_1_295' title='bbox 938 3204 1172 3285; x_wconf 89' lang='lat' dir='ltr'><strong>publice</strong></span> <span class='ocrx_word' id='word_1_296' title='bbox 1208 3203 1496 3281; x_wconf 86' lang='lat' dir='ltr'><strong>agendas,</strong></span> <span class='ocrx_word' id='word_1_297' title='bbox 1530 3198 1689 3281; x_wconf 84' lang='lat' dir='ltr'><strong>quod</strong></span> <span class='ocrx_word' id='word_1_298' title='bbox 1714 3201 1954 3279; x_wconf 81' lang='lat' dir='ltr'><strong>regibus</strong></span> <span class='ocrx_word' id='word_1_299' title='bbox 1986 3200 2096 3260; x_wconf 87' lang='lat' dir='ltr'><strong>Ar·</strong></span> 
     </span>
     <span class='ocr_line' id='line_1_37' title="bbox 97 3286 2096 3365; baseline -0.001 -21"><span class='ocrx_word' id='word_1_300' title='bbox 97 3288 295 3349; x_wconf 85' lang='lat' dir='ltr'><strong>cadiae</strong></span> <span class='ocrx_word' id='word_1_301' title='bbox 338 3298 498 3349; x_wconf 87' lang='lat' dir='ltr'><strong>ortus</strong></span> <span class='ocrx_word' id='word_1_302' title='bbox 535 3291 904 3350; x_wconf 87' lang='lat' dir='ltr'><strong>veterrimam</strong></span> <span class='ocrx_word' id='word_1_303' title='bbox 940 3287 1295 3349; x_wconf 86' lang='lat' dir='ltr'><strong>nobilitatem</strong></span> <span class='ocrx_word' id='word_1_304' title='bbox 1334 3288 1459 3347; x_wconf 88' lang='lat' dir='ltr'><strong>usui</strong></span> <span class='ocrx_word' id='word_1_305' title='bbox 1503 3286 1739 3365; x_wconf 90' lang='lat' dir='ltr'><strong>publico</strong></span> <span class='ocrx_word' id='word_1_306' title='bbox 1775 3295 2096 3364; x_wconf 88' lang='lat' dir='ltr'><strong>postpone-</strong></span> 
     </span>
     <span class='ocr_line' id='line_1_38' title="bbox 93 3369 2094 3453; baseline -0 -25"><span class='ocrx_word' id='word_1_307' title='bbox 93 3380 181 3430; x_wconf 88' lang='lat' dir='ltr'><strong>ret</strong></span> <span class='ocrx_word' id='word_1_308' title='bbox 231 3390 412 3451; x_wconf 90' lang='lat' dir='ltr'><strong>seque</strong></span> <span class='ocrx_word' id='word_1_309' title='bbox 455 3374 606 3433; x_wconf 86' lang='lat' dir='ltr'><strong>inter</strong></span> <span class='ocrx_word' id='word_1_310' title='bbox 654 3374 946 3433; x_wconf 84' lang='lat' dir='ltr'><strong>ministros</strong></span> <span class='ocrx_word' id='word_1_311' title='bbox 991 3372 1273 3453; x_wconf 88' lang='lat' dir='ltr'><strong>principis</strong></span> <span class='ocrx_word' id='word_1_312' title='bbox 1313 3371 1514 3431; x_wconf 85' lang='lat' dir='ltr'><strong>haberi</strong></span> <span class='ocrx_word' id='word_1_313' title='bbox 1558 3371 1793 3430; x_wconf 88' lang='lat' dir='ltr'><strong>sineret.</strong></span> <span class='ocrx_word' id='word_1_314' title='bbox 1851 3369 2094 3429; x_wconf 86' lang='lat' dir='ltr'><strong>adseve-</strong></span> 
     </span>
     <span class='ocr_line' id='line_1_39' title="bbox 91 3454 2168 3533; baseline -0.001 -21"><span class='ocrx_word' id='word_1_315' title='bbox 91 3456 242 3515; x_wconf 87' lang='lat' dir='ltr'><strong>ravit</strong></span> <span class='ocrx_word' id='word_1_316' title='bbox 291 3454 566 3515; x_wconf 83' lang='lat' dir='ltr'><strong>Glaudius</strong></span> <span class='ocrx_word' id='word_1_317' title='bbox 609 3466 940 3518; x_wconf 86' lang='lat' dir='ltr'><strong>contentum</strong></span> <span class='ocrx_word' id='word_1_318' title='bbox 987 3456 1212 3517; x_wconf 88' lang='lat' dir='ltr'><strong>honore</strong></span> <span class='ocrx_word' id='word_1_319' title='bbox 1274 3455 1591 3515; x_wconf 86' lang='lat' dir='ltr'><strong>Pallantem</strong></span> <span class='ocrx_word' id='word_1_320' title='bbox 1639 3455 1785 3513; x_wconf 88' lang='lat' dir='ltr'><strong>intra</strong></span> <span class='ocrx_word' id='word_1_321' title='bbox 1839 3454 2095 3533; x_wconf 84' lang='lat' dir='ltr'><strong>priorem</strong></span> <span class='ocrx_word' id='word_1_322' title='bbox 2118 3464 2168 3507; x_wconf 83' lang='grc' dir='ltr'><strong>ιο</strong></span> 
     </span>
    </p>
   </div>
  </div>
 </body>
</html>
