2475 4000
503 267 713 313 mana
746 265 841 314 XI.
875 266 1023 314 car.
1056 265 1442 318 38—121131023
1471 269 1592 316 ΧΠ.
1625 269 1772 316 CAP.
1797 269 1849 321 1.
2017 223 2172 336 ,197

234 430 422 488 capta,
454 423 535 472 17.
576 421 657 472 18.
696 423 931 471 Zorsines
968 422 1155 472 deserit
1179 421 1540 482 Mithridatem,
1582 424 1667 486 qui
1707 427 1923 492 supplex
1954 427 2170 487 Eunoni,

236 489 471 544 19—21.
516 506 609 555 per
630 506 745 540 eum
772 506 802 540 a
818 491 1046 556 principe
1064 492 1266 539 veniam
1288 492 1522 556 impetrat
1537 491 1844 556 Romamque
1863 495 2169 559 perducitur.

341 559 429 612 22.
470 559 784 624 Agrippinae
826 559 1016 607 artibus
1047 557 1209 608 Lollia
1249 560 1424 608 cedere
1457 560 1600 608 Italia
1633 561 1855 622 iubetur,
1899 563 2172 628 Calpurnia

234 629 567 694 pervertitur.
601 627 683 678 23.
742 625 929 676 Salutis
957 628 1243 694 augurium.
1289 627 1574 678 Pomerium
1612 629 1748 678 urbis
1785 631 2050 694 prolatum.
2084 633 2166 680 24.

230 698 609 756 Memorautur,
653 698 736 758 qui
776 696 891 745 olim
930 695 1241 759 protulerint.
1302 694 1386 747 25.
1427 696 1558 744 Nero
1590 682 1836 746 Comitius
1882 714 1912 746 a
1961 699 2169 749 Claudio

230 767 507 832 adoptatur
542 765 835 813 auctoritate
859 763 1115 812 Pallantis.
1163 763 1246 814 26.
1287 765 1604 813 Britannicus
1636 766 1928 830 depressus.
1971 768 2055 818 27.
2083 769 2168 818 28'.

233 834 449 885 Colonia
472 835 525 882 in
550 832 703 882 Ubios
735 833 963 884 deducta.
1012 830 1175 882 Chatti
1198 833 1458 882 latrocinia
1481 835 1730 898 agitantes
1761 835 2040 884 vincuntur.
2082 835 2167 886 29.
2198 865 2203 878 ·

232 903 323 954 30.
350 901 587 951 Vannius
618 899 897 950 Sueborum
925 916 1015 948 rex
1041 914 1072 948 a
1096 902 1203 950 suis
1234 902 1433 966 pulsuS.
1474 929 1479 943 ι
2151 899 2155 908 ’

333 970 514 1022 31.”Ῑη
540 969 801 1018 Britannia
826 969 1083 1031 turbantes
1113 971 1337 1034 reprimit
1374 969 1601 1021 Ostorius
1633 973 1822 1033 IcenoS,
1861 971 1942 1022 32.
1977 967 2170 1020 Deoanl
2204 999 2212 1006 .

228 1055 348 1105 goe,
381 1037 665 1104 Brigantes.
728 1036 951 1088 33—35.
1004 1035 1222 1086 Silurum
1253 1053 1428 1103 regem
1453 1039 1746 1089 Caratacum
1778 1041 1946 1090 vincit.
2003 1039 2085 1089 36.
2119 1042 2168 1089 Is

228 1112 448 1159 Romam
485 1107 786 1172 perductae,
818 1107 901 1158 37.
935 1105 1446 1175 masculeOCaesarem
1479 1109 1746 1171 alloquitur
1779 1117 1828 1157 et
1853 1109 2050 1158 veniam
2075 1109 2169 1156 im-

224 1185 413 1244 petrat.
474 1175 557 1225 38.
584 1174 666 1225 39.
702 1175 1087 1224 Britanni‘vires
1120 1183 1386 1240 reparant.
1426 1174 1652 1226 Ostorius
1683 1178 1896 1226 obtentis
1931 1176 2169 1241 triumphi

226 1246 521 1312 insignibus
550 1244 668 1292 obit.
724 1243 809 1294 40.
844 1243 904 1292 Εἰ
933 1242 1111 1292 Didius
1146 1243 1404 1294 suffectus.
1464 1244 1659 1294 Bellum
1683 1246 1974 1295 intestinum
1998 1245 2168 1293 Venu-

227 1315 290 1365 tii
326 1323 376 1363 et
402 1313 804 1380 Cartimanduae.
861 1312 945 1362 41.
979 1310 1164 1359 Neroni
1191 1311 1349 1360 virilis
1388 1320 1508 1378 toga
1543 1321 1847 1374 maturatur,
1882 1313 2166 1380 posthabito

228 1382 543 1432 BritannicO.
610 1382 693 1430 42.
729 1381 919 1430 Burrus
950 1381 1200 1444 praetorio
1228 1379 1534 1444 praefectus.
1587 1382 1904 1448 Agrippinae
1923 1396 2170 1446 arrogan-

226 1454 319 1501 tia.
374 1450 578 1498 Vitellio
612 1449 762 1498 favet.
818 1449 901 1499 43.
927 1447 1168 1513 Prodigia
1190 1449 1400 1502 Romae.
1441 1450 1634 1500 Caritas
1665 1465 1911 1500 annonae.
1935 1450 2165 1500 44—47.

227 1520 433 1570 Bellum
463 1519 731 1568 Armenios
762 1518 891 1566 inter
918 1525 966 1566 et
994 1515 1221 1566 HiberoS.
1277 1516 1601 1568 Radamistus
1637 1519 1994 1570 Pharasmanis
2032 1519 2166 1567 filius

228 1589 453 1636 Hiberus
476 1587 645 1652 specie
664 1585 885 1636 foederis
904 1583 1245 1636 Mithridatem
1264 1586 1470 1648 invadit,
1493 1589 1671 1638 vinclis
1695 1597 1884 1648 onerat,
1911 1588 2187 1636 interimit»

226 1657 317 1706 48.
372 1655 657 1714 Quadratus
695 1651 869 1718 Syriae
904 1668 1113 1718 praeses
1152 1655 1215 1703 de
1261 1655 1450 1704 ultione
1485 1656 1742 1706 deliberat.
1797 1655 1884 1706 49.
1923 1656 2165 1720 Pelignus

227 1725 584 1774 Radamistum
622 1731 807 1771 temere
843 1723 1040 1787 regium
1073 1723 1276 1788 insigne
1316 1738 1515 1774 sumere
1548 1724 1793 1775 hortatur.
1856 1721 1941 1773 50.
1995 1722 2167 1772 Parthi

228 1793 527 1850 Armeniam
556 1791 815 1841 invadunt.
873 1791 957 1840 51.
990 1791 1314 1840 Radamistus
1341 1807 1372 1840 a
1395 1794 1502 1842 suis
1527 1793 1746 1858 pellitur.
1799 1792 2020 1842 Zenobia
2045 1806 2166 1840 con-

226 1865 322 1912 iux
356 1863 418 1911 ab
446 1876 505 1910 eo
539 1861 802 1909 vulnerata
826 1874 980 1924 aegre
1012 1863 1256 1909 servatur.

342 1930 427 1980 52.
477 1930 658 1980 Furius
688 1927 1049 1978 Scribonianus
1079 1928 1352 1992 relegatus.
1413 1928 1502 1978 SC.
1538 1929 1605 1976 de
1637 1926 2018 1976 mathematicis
2079 1927 2164 1977 53.

228 2000 323 2051 SC.
360 2000 689 2051 Claudianum
729 1998 791 2046 de
830 1998 1033 2047 feminis
1062 2013 1189 2060 quae
1227 2000 1389 2047 servis
1425 1998 1866 2062 coniungerentur.
1927 1995 2164 2045 Adulatio

226 2074 282 2120 in
310 2068 608 2117 Pallantem.
672 2066 757 2115 54.
794 2067 935 2116 Felix
969 2074 1016 2114 et
1040 2066 1306 2114 Ventidius
1338 2067 1538 2115 turbant
1570 2066 1823 2125 Iudaeam.
1881 2064 2166 2122 Quadratus

229 2139 453 2203 quietem
482 2136 663 2185 reddit.
720 2134 804 2184 55.
837 2135 1001 2183 Motus
1035 2134 1087 2182 in
1113 2134 1286 2184 Cilicia
1311 2134 1452 2183 sedat
1492 2149 1583 2183 rex
1607 2131 1908 2183 Antiochus.
1955 2131 2040 2181 56.
2075 2131 2164 2180 57.

228 2208 397 2255 Lacus
424 2206 644 2254 Fucinus
677 2204 891 2253 emissus
928 2210 975 2250 et
1009 2203 1060 2250 in
1098 2216 1159 2251 eo
1198 2202 1376 2252 navale
1411 2204 1753 2268 spectaculum
1794 2210 1844 2250 et
1881 2201 2166 2251 convivium

228 2289 344 2324 cnm
372 2274 615 2339 periculo.
670 2271 753 2323 58.
785 2272 915 2321 Nero
945 2270 1082 2321 ducit
1106 2268 1380 2319 Octaviam.
1436 2270 1521 2323 59.
1545 2270 1770 2321 Statilius
1797 2269 1994 2321 Taurus
2021 2285 2166 2319 ever-

226 2358 337 2394 sus.
390 2341 476 2393 60.
537 2342 920 2391 Procuratorum
968 2340 1021 2387 in
1061 2340 1334 2405 provinciis
1377 2341 1646 2389 auctoritas
1685 2347 1846 2388 aucta.
1914 2338 1998 2389 61.
2049 2338 2164 2389 Cois

230 2425 478 2463 concessa
504 2410 809 2459 immunitas.
866 2407 949 2457 62.
974 2406 1059 2457 63.
1102 2406 1361 2473 Byzantiis
1393 2410 1633 2458 tributum
1662 2408 1726 2456 ad
1749 2416 1950 2473 tempus
1984 2408 2164 2455 remis·

230 2497 364 2531 sum.
420 2479 545 2528 Eius
567 2479 705 2527 urbis
730 2477 875 2527 situS.
1154 2474 1161 2488 '

332 2548 417 2598 64.
451 2547 690 2611 Prodigia
712 2544 1017 2596 Claudianae
1043 2546 1199 2597 necis.
1253 2544 1339 2596 65.
1373 2546 1596 2611 Lepidae
1621 2559 1756 2594 mors
1778 2544 1983 2592 indicta.
2037 2542 2165 2601 Nar,-

230 2618 563 2685 cissijiberae
593 2630 755 2664 voces.
808 2611 894 2663 66.
938 2612 1023 2665 67.
1062 2613 1325 2664 Clauditun
1351 2614 1640 2679 Agrippina
1661 2626 1855 2662 veneno
1882 2610 2029 2665 tollit.
2077 2609 2163 2660 68.

227 2686 367 2735 Nero
390 2684 667 2749 primordia
690 2682 893 2748 imperii
920 2683 1066 2748 capit.
1122 2682 1209 2734 69.
1244 2684 1415 2733 Funus
1441 2690 1489 2731 et
1513 2681 1822 2731 consecratio
1853 2678 2063 2729 Claudii.

330 2752 481 2808 Gesta
503 2752 626 2801 haec
648 2751 793 2801 annis
818 2765 927 2811 sex,
955 2751 1008 2800 C.
1024 2751 1262 2816 Pompeio
1279 2752 1336 2810 Q.
1352 2750 1590 2810 Verani0‚
1616 2750 1668 2800 C.
1691 2748 1914 2797 Antistio
1936 2746 2005 2798 M.
2031 2746 2165 2795 Suil-

230 2826 301 2875 lio
327 2821 489 2881 Rufo,
532 2821 607 2870 Ti.
635 2818 843 2871 Claudio
870 2819 917 2868 V
958 2817 1065 2869 Ser.
1109 2817 1340 2869 Cornelio
1379 2817 1559 2877 Orfito,
1597 2818 1654 2866 P.
1681 2814 1912 2867 Cornelio
1939 2813 2081 2865 Sulla
2104 2814 2162 2863 L.

226 2891 400 2942 Salvio
429 2888 639 2949 Othone,
666 2888 725 2940 D.
768 2887 911 2936 Iunio
950 2885 1119 2936 Silano
1160 2886 1217 2945 Q.
1257 2886 1488 2947 Haterio,
1515 2884 1586 2938 M.
1613 2886 1792 2936 Asinio
1818 2882 2050 2933 Marcello
2080 2882 2161 2932 Μ’.

229 2946 397 3009 Acilio
425 2958 606 3007 Aviola
632 2970 764 3006 coss.
822 3004 827 3011 ,

290 3030 347 3087 1.
390 3025 591 3087 Caede
618 3023 966 3087 Messalinae
996 3024 1277 3098 convulsa
1309 3023 1585 3101 principis
1609 3021 1829 3097 domus,
1863 3026 1992 3079 orto
2015 3015 2167 3095 apud

160 3112 407 3173 libertos
446 3110 789 3185 certamine,
834 3109 963 3186 quis
1003 3106 1119 3167 deli
1138 3106 1146 3115 ’
1166 3116 1294 3167 eret
1325 3124 1569 3167 uxorem
1601 3102 1842 3165 Claudio
1861 3148 1878 3180 ,
1925 3099 2166 3161 caelibis

162 3200 317 3257 vitae
356 3194 687 3257 intoleranti
730 3200 789 3251 et
820 3194 1127 3268 coniugum
1174 3192 1432 3271 imperiis
1475 3190 1750 3250 obnoxi0.
1807 3205 1918 3246 nec
1946 3186 2167 3244 minore

165 3280 377 3342 ambitu
414 3280 666 3340 feminae
710 3284 1075 3336 exarserant:
1162 3295 1292 3336 uam
1341 3292 1606 3354 quaeque
1645 3270 2002 3332 nobilitatem
2046 3268 2164 3327 for·

164 3381 308 3425 mam
356 3382 503 3443 opes
546 3358 901 3421 contendere
944 3378 1013 3419 ac
1044 3358 1099 3419 di
1187 3379 1219 3420 a
1253 3369 1410 3421 tanto
1457 3356 1818 3418 matrimonio
1849 3360 2165 3413 ostentare.
2193 3378 2218 3416 5

164 3449 269 3509 sed
318 3450 567 3509 maxime
610 3444 1005 3521 ambigebatur
1054 3445 1134 3503 int
1180 3464 1207 3504 r
1260 3444 1501 3505 Lolliam
1546 3441 1838 3501 Paulinam
1877 3437 1954 3498 M.
1995 3435 2166 3497 Lollii

167 3533 489 3595 consularis
530 3538 591 3589 et
630 3528 831 3589 Iuliam
872 3527 1121 3606 Agripp'
1170 3546 1259 3591 am
1312 3526 1654 3590 Germanico
1709 3523 1989 3603 genitam:
2031 3520 2166 3583 huic
