2475 4000
348 237 393 284 L
900 225 1440 304 COMMFQJTARIUS
1484 223 1826 278 emmens,

348 392 407 450 iu
452 406 607 447 usum
648 385 901 443 nocturni
942 385 1161 442 luminis
1204 381 1563 458 urerentur);
1605 383 1740 456 fore.
1773 384 2106 441 autilamma
2141 385 2239 442 die
2283 381 2293 465 Ι
2333 393 2416 444 22

350 477 407 532 in
444 492 583 542 usu,
614 460 840 528 em0'Pu
870 461 883 547 Ι
920 475 991 527 24
1018 469 1231 527 circulo

484 579 489 584 ’
517 553 632 626 45,
675 562 710 614 8
742 555 1093 626 caprinatae,
1130 553 1233 608 em'.
1267 553 1356 608 Pu
1389 545 1403 630 Ι
1445 560 1510 614 13
1539 548 1774 622 egressu
1812 545 1820 627 Ι
1859 558 1928 612 18
1955 553 2236 609 toleraret
2261 555 2324 608 E

519 637 635 709 46,
678 645 711 696 2
744 639 903 694 adest
931 637 992 692 N
1003 638 1246 706 ,·aderat
1271 639 1348 692 al.
1758 695 1763 702 ,
1809 671 1822 680 -

366 751 369 754 <
516 721 633 793 47,
671 724 705 782 3
733 737 952 794 semper
980 722 1085 776 del.
1122 721 1362 784 Grotius,
1398 719 1602 776 Neroni
1633 719 1778 776 obelo
1807 722 2009 776 notavit
2033 721 2091 776 E
2113 721 2182 776 ob
2213 723 2414 776 locum

352 807 595 866 Suetonii
632 807 765 862 Ner.
804 812 873 866 36
918 796 952 881 Ι
980 813 1013 864 5
1041 803 1177 875 fort.
1208 803 1479 860 immolari·
1530 797 1545 882 Ι
1591 810 1624 864 9
1653 811 1773 860 aut:
1819 810 1876 859 at
1901 803 1994 872 M,
2041 805 2212 866 et·1E',-
2257 811 2322 859 at
2353 825 2408 862 v.

349 895 428 950 ad
459 902 487 953 1
554 897 637 951 16.
832 937 842 946 .
1327 901 1338 913 ‘

508 934 600 1032 ’48
623 1014 641 1044 ,
678 981 749 1032 11
783 972 997 1029 nvitun
1023 971 1103 1026 Ε.-
1133 971 1349 1027 unitati

516 1056 633 1129 49,
672 1064 700 1115 1
734 1056 1137 1114 coniurationis
1166 1057 1241 1110 al.
1281 1047 1294 1133 Ι
1329 1061 1366 1114 4
1393 1053 1614 1110 Flavum
1637 1053 1893 1108 Belcker:
1926 1055 2144 1110 flauium
2185 1051 2194 1132 Ι
2235 1062 2274 1115 6
2299 1057 2412 1112 La-

245 1206 253 1214 ,
352 1151 577 1204 teranne
604 1141 859 1210 Belclcer:
884 1141 1164 1197 lateranus
1191 1136 1732 1207 confluldesignatus
1771 1130 1782 1216 Ι
1819 1145 1853 1200 9
1875 1140 2252 1196 aemulatione
2279 1141 2332 1194 L
2357 1148 2414 1196 et

360 1229 425 1286 U.
470 1228 601 1285 Cum
623 1226 841 1281 Tacitus
862 1228 973 1280 tam
994 1225 1161 1280 multa
1183 1225 1239 1278 in
1259 1223 1546 1279 verborum
1559 1222 1917 1292 potestatibus
1933 1227 2232 1293 novaverit,
2257 1227 2407 1279 reli-

347 1313 496 1384 qiom‘
526 1309 637 1381 fuit
666 1308 1085 1364 adsimulatione
1108 1309 1410 1374 immutare,
1443 1306 1591 1376 quod
1607 1322 1712 1376 quo
1734 1307 1890 1362 modo
1911 1321 1988 1364 ex
2009 1309 2406 1380 vulgaris-simo

352 1393 721 1450 aemulatione
750 1394 891 1446 orm·
906 1393 1148 1462 potuerit
1177 1391 1331 1446 haud
1355 1391 1524 1462 facile
1554 1391 1892 1462 intelleyt’tur.
1933 1389 1942 1464 Ι
1982 1399 2046 1450 15
2076 1393 2314 1447 multum

520 1472 633 1545 50,
676 1480 709 1531 2
750 1475 1103 1544 deligendum
1138 1475 1376 1545 quique,
1416 1488 1520 1528 em.
1550 1473 1640 1528 Pu
1689 1467 1701 1550 Ι
1748 1481 1784 1534 3
1829 1473 2128 1532 Claudiumv
2153 1475 2236 1530 Ri
2279 1471 2403 1548 (cf.

335 1558 451 1630 ⁸13,
481 1555 611 1632 12);
654 1557 866 1635 tullium
905 1549 914 1634 Ι
950 1563 987 1616 4
1014 1557 1362 1627 uulgacium‚
1393 1572 1496 1614 em.
1535 1556 1589 1611 R
1627 1547 1642 1635 Ι
1679 1564 1746 1618 19
1779 1559 2054 1614 sermonis
2078 1555 2402 1632 (sermoni-

351 1645 455 1701 bus
486 1644 569 1698 ed.
604 1637 782 1714 Spir.)
822 1639 830 1718 Ι
867 1646 937 1698 22
967 1641 1213 1697 ardente.
1232 1641 1428 1711 domo,
1461 1641 1610 1712 quod
1637 1643 1947 1714 intelleyunt
1971 1643 2040 1700 de
2071 1659 2274 1715 maqno
2309 1647 2398 1698 in-

352 1728 540 1782 cendio
580 1727 715 1780 anni
753 1727 1059 1796 superioris
1074 1763 1091 1788 ‚
1142 1741 1472 1796 quamquam
1521 1722 1739 1780 Tacitus
1776 1728 1906 1797 ipse
1928 1735 1992 1786 15
2007 1765 2024 1796 ,
2056 1731 2126 1786 48
2167 1727 2400 1782 demum

344 1810 487 1866 'Silio
538 1809 721 1864 Nerva
762 1809 935 1864 Attico
988 1807 1201 1864 Vestino
1249 1823 1390 1864 coss.
1433 1815 1692 1878 coeptam
1718 1811 1882 1866 simul
1922 1815 1974 1864 et
2009 1817 2226 1865 auctam
2267 1826 2401 1866 esse

352 1895 773 1950 coniurationem
803 1894 1027 1948 tradidit
1036 1916 1053 1954 ,·
1084 1893 1394 1948 abscedens
1426 1892 1590 1948 domo
1620 1892 1709 1947 He
1719 1915 1738 1954 ,·
1770 1893 1902 1964 fort.
1939 1893 2140 1953 ardens
2174 1911 2399 1964 amore,

350 1981 458 2035 nisi
484 1980 671 2051 potins
712 1977 927 2050 defectu
972 1979 1149 2051 aliquo
1194 1978 1346 2033 loeus
1383 1979 1562 2032 vitium
1600 1979 1796 2035 traxit.
1847 1971 1858 2055 Ι
1909 1983 1978 2036 24
2015 1978 2400 2050 pulcherrima

362 2063 575 2119 Urlichs
612 2064 621 2134 Ι
660 2064 728 2119 ad
764 2063 977 2118 facinus
1018 2062 1149 2117 add.
1183 2060 1227 2117 0
1274 2054 1284 2139 Ι
1334 2061 1792 2139 exstimulauerat
1825 2078 1920 2131 pr.
1961 2079 2063 2131 m.,
2105 2078 2140 2115 n
2171 2076 2306 2133 sup.
2341 2070 2402 2117 at

352 2146 481 2201 add.
504 2154 611 2208 est;
648 2164 698 2202 v.
732 2146 809 2199 ad
838 2152 934 2215 16,
963 2152 1051 2204 2ο.

520 2226 635 2297 51,
686 2236 711 2285 1
756 2244 911 2297 spem
958 2230 1103 2284 inter
1154 2246 1219 2285 ac
1265 2234 1466 2285 metum
1503 2229 1554 2283 Α
1616 2222 1626 2304 Ι
1685 2234 1717 2288 7
1763 2234 1922 2285 erant
1963 2230 2202 2285 narchus
2257 2223 2267 2303 Ι
2329 2238 2400 2290 16

352 2312 528 2368 sancti
562 2310 690 2383 quid
728 2307 989 2365 Thomas.-
1034 2313 1249 2367 senatui
1296 2312 1428 2383 quid
1462 2309 1711 2387 (senatui
1743 2312 1881 2368 iuris
1919 2313 2049 2383 quid
2078 2312 2166 2381 H,
2202 2330 2396 2384 neque

353 2412 479 2451 esse
514 2394 780 2449 intactum
824 2394 969 2466 qnod
1010 2403 1261 2451 maneret
1296 2396 1591 2458 Heinisch,·
1647 2396 1726 2451 Ra·
1771 2401 1900 2451 ante
1941 2412 2123 2467 neque
2170 2398 2396 2468 su‘qnum

350 2480 585 2536 lacunae
616 2475 852 2550 posuit).
914 2478 1017 2531 Est
1058 2480 1207 2533 Iocus
1243 2494 1318 2534 ex
1361 2481 1428 2534 iis
1473 2496 1705 2550 quorum
1755 2486 1908 2538 certa
1947 2480 2246 2535 emendatio
2291 2482 2394 2537 de-

348 2564 631 2636 speranda
666 2567 761 2618 est.
801 2555 811 2640 Ι
852 2566 919 2621 18
946 2560 1167 2616 multum

518 2642 599 2703 52
619 2688 636 2718 ,
680 2652 713 2704 2
745 2662 853 2717 quo
892 2644 1012 2700 eius
1041 2644 1096 2699 P
1128 2636 1138 2721 Ι
1176 2652 1210 2705 3
1234 2646 1434 2701 creber
1465 2661 1534 2702 eo
1557 2646 1624 2703 H
1651 2640 1664 2726 Ι
1705 2654 1770 2707 12
1797 2648 2007 2705 daturis
2037 2664 2266 2719 operam
2294 2651 2396 2713 al„

352 2730 625 2787 adiuturis
654 2730 775 2791 Bz}
816 2734 875 2783 at
901 2734 1049 2783 recte
1076 2727 1227 2783 Med.
1263 2730 1474 2787 daturis
1517 2745 1600 2787 se.
1627 2733 1917 2805 imperium
1969 2726 1979 2809 Ι
2030 2730 2091 2789 15
2122 2732 2394 2787 libertate

350 2820 659 2871 moreretur
679 2854 696 2884 ,
728 2816 827 2867 em.
862 2812 929 2881 P,
959 2812 1100 2873 idem
1126 2819 1308 2869 tamen
1342 2820 1538 2886 postea
1571 2816 2148 2873 malebat-moveretur

516 2895 632 2967 53,
672 2904 705 2955 2
739 2896 1093 2954 celebrantur
1121 2899 1198 2951 al.
1234 2890 1246 2975 Ι
1284 2904 1317 2957 6
1349 2900 1656 2971 accedens,
1687 2915 1788 2967 em.
1813 2900 1866 2955 R
1907 2893 1916 2976 Ι
1953 2908 1986 2961 9
2019 2899 2342 2956 audientiae
2383 2894 2390 2975 Ι

350 2990 417 3041 10
450 2982 821 3054 expostulanti
876 2976 885 3060 Ι
936 2989 999 3041 11
1034 2980 1246 3039 Salutis
1280 2982 1360 3037 E:
1408 2984 1604 3040 salutis
1642 2986 1698 3039 in
1741 2985 1949 3041 etruria
2001 2976 2014 3059 Ι
2063 2983 2188 3039 siue
2224 2985 2396 3041 utilia

348 3066 488 3121 trad.
530 3060 538 3143 Ι
580 3072 645 3124 12
673 3066 967 3121 Ferentino
992 3066 1216 3123 ctuvers
1247 3068 1501 3125 frentano
1542 3061 1552 3146 Ι
1589 3075 1658 3129 13
1678 3069 1902 3142 operis,
1935 3083 2040 3123 em·
2065 3067 2119 3122 P
2149 3058 2162 3143 Ι
2201 3073 2270 3126 18
2293 3076 2394 3123 aut

346 3148 513 3212 inane
544 3156 639 3205 aut
672 3166 825 3221 spem
844 3191 861 3219 ,
892 3164 994 3204 em.
1016 3150 1073 3205 P
1882 3164 1892 3173 ·

514 3229 625 3303 54,
663 3238 699 3292 >6
738 3235 1025 3305 aspernari
1062 3228 1073 3311 Ι
1110 3238 1453 3296 9'karissimi
1493 3230 1504 3316 Ι
1545 3244 1610 3297 12
1639 3254 1839 3310 parare
1867 3238 1990 3293 Pu.-
2027 3236 2388 3309 partiebatq;

344 3313 538 3389 (paret
568 3316 935 3389 exhibeatque
966 3318 1033 3373 H
1036 3362 1051 3387 ‚
1071 3324 1292 3393 ‘parata
1327 3323 1530 3378 habeat
1557 3322 1640 3392 D,
1675 3324 1904 3394 petebat
1946 3338 2088 3392 quae
2117 3320 2238 3385 He3
2281 3339 2385 3394 pa-

343 3404 431 3453 rat
482 3397 601 3473 [vel
634 3398 899 3476 parabat]
956 3402 1199 3476 itemque
1239 3408 1380 3460 coni.
1423 3400 1587 3479 Hm).
1648 3406 1791 3473 Quid
1832 3406 2051 3459 Tacitus
2089 3408 2393 3477 scripserit

336 3483 506 3552 plane
547 3486 811 3540 incertum
851 3492 949 3543 est.
1002 3481 1011 3560 Ι
1064 3495 1133 3547 14
1162 3489 1581 3561 suscipionibus
1633 3486 1643 3566 Ι
1692 3498 1757 3550 15
1798 3489 2083 3545 tradidere
2133 3490 2204 3545 de
2245 3506 2386 3545 con-
