2475 4000
386 225 467 286 94
891 230 1218 285 CORNELII
1243 229 1478 276 TACITI
1500 227 1866 275 ANNALIUM

318 409 370 450 ιο
392 406 505 466 que
536 385 765 462 legibus
798 385 1180 460 constrictae,
1227 401 1378 455 nuuc
1407 382 1614 446 vinclis
1645 383 1946 472 exsolutis.
1955 381 2196 458 domos,
2247 381 2414 459 fora,

387 472 498 530 iam
530 478 607 528 et
617 469 909 528 exercitus
942 476 1233 544 regerent.

514 552 617 614 34.
664 551 981 612 Paucorum
1010 553 1157 614 haec
1188 552 1435 612 adsensu
1467 542 1687 612 audita:
1735 549 1933 629 plures
1982 546 2416 624 obturbabant,

386 655 575 716 neque
603 636 845 711 relatum
876 635 947 698 de
976 629 1214 712 negotio
1250 654 1438 714 neque
1471 633 1776 700 Caecinam
1807 633 2036 711 dignum
2081 641 2310 692 tantae·
2298 635 2415 690 -rei

390 739 712 782 censorem.
779 737 915 780 mox
976 719 1247 781 Valerius
1287 719 1664 795 Messalinus,
1725 719 1816 778 cui
1858 735 2070 796 parens
2111 715 2410 778 Messalla

386 809 685 884 ineratque
730 806 921 880 imago
967 812 1244 880 paternae
1281 803 1618 878 facundiae,
1653 801 1974 880 respondit
2016 799 2194 860 multa
2245 800 2409 858 duri-

336 915 360 954 5
384 893 495 950 tiae
531 900 791 950 veterum
816 887 881 946 in
909 886 1193 952 meliuseet
1218 887 1422 946 laetius
1442 894 1682 953 mutata;
1716 904 1904 964 neque
1931 885 2102 960 enim,
2136 893 2199 942 ut
2233 884 2406 959 olim,

382 973 645 1035 adsidere
683 972 881 1031 urbem
916 969 1090 1029 bellis
1132 979 1227 1030 aut
1260 963 1589 1049 provincias
1629 969 1854 1029 hostilis
1889 987 2042 1028 esse.
2099 977 2161 1026 et
2205 986 2409 1046 pauca

378 1060 712 1118 feminarum
742 1054 1187 1114 necessitatibus
1221 1053 1497 1130 concedi,
1543 1071 1690 1132 quae
1720 1071 1794 1112 ne
1825 1055 2127 1128 coniugum
2157 1052 2410 1129 quidem

382 1150 655 1222 penateS,
690 1139 837 1198 adeo
870 1139 1066 1198 socios
1106 1156 1221 1198 non
1257 1147 1528 1206 onerent;
1563 1145 1758 1196 cetera
1788 1138 2104 1218 promisca
2110 1153 2246 1194 cum
2281 1155 2406 1196 ma-

380 1227 525 1300 rito,
568 1241 679 1284 nec
708 1224 929 1285 ullum
909 1242 968 1284 ιιι
994 1241 1075 1282 eo
1108 1225 1272 1302 pacis
1313 1221 1796 1300 impedimentum.
1867 1219 2025 1280 bella
2069 1219 2248 1299 plane
2301 1239 2406 1280 ac-

314 1333 366 1373 10
386 1309 593 1369 cinctis
622 1306 920 1366 obeunda:
954 1306 1058 1365 sed
1092 1305 1520 1367 revertentibus
1552 1314 1685 1383 post
1727 1303 1986 1364 laborem
2021 1303 2178 1382 quod
2205 1303 2404 1362 hone-

384 1393 526 1452 stius
559 1409 725 1467 quam
755 1391 1020 1449 uxorium
1050 1388 1470 1451 levamentum?
1513 1398 1567 1450 at
1616 1389 1888 1468 quasdam
1933 1390 1990 1448 in
2021 1387 2404 1448 ambitionem
2470 1403 2471 1446 ι

382 1483 477 1534 aut
510 1474 802 1532 avaritiam
839 1473 1167 1551 prolapsas.
1230 1471 1406 1552 quid?
1446 1475 1703 1553 ipsorum
1731 1476 2168 1550 magistratuum
2196 1489 2404 1532 nonne
2470 1487 2471 1504 ³

379 1642 597 1702 nemin
631 1641 987 1718 provinciam
1021 1642 1180 1701 mitti.
1247 1651 1552 1720 corruptos
1599 1659 1779 1719 saepe
1825 1639 2210 1720 pravitatibus
2251 1657 2402 1702 uxo·
2470 1627 2471 1684 ἶ

310 1752 361 1792 15
382 1743 505 1784 rum
538 1723 807 1786 maritos:
851 1742 987 1783 vnum
1028 1741 1174 1800 ergo
1220 1728 1404 1786 omnis
1451 1724 1708 1786 caelibes
1744 1720 2047 1801 integros?
2091 1723 2404 1802 placuisse
2470 1771 2471 1804 ;

388 1806 673 1888 quondam
707 1807 931 1886 Oppias
967 1807 1168 1885 leges,
1214 1809 1298 1868 sic
1347 1807 1703 1887 temporibus
1747 1810 1833 1868 rei
1876 1807 2144 1887 publicae
2193 1817 2402 1886 postu-

378 1892 655 1953 lantibus:
688 1894 988 1951 remissum
1019 1891 1234 1970 aliquid
1265 1901 1472 1969 postea
1495 1901 1555 1950 et
1575 1894 1914 1969 mitigatum,
1949 1893 2082 1969 quia
2107 1891 2402 1970 expedie-

377 1979 469 2038 r'it.
539 1977 752 2037 frustra
792 1985 1048 2038 nostram
1088 1977 1388 2053 ignaviam
1417 1976 1528 2036 alia
1587 1976 1659 2037 ad
1715 1975 2001 2037 vocabula
2053 1976 2399 2038 transferri:

376 2082 507 2123 nam
541 2062 649 2121 viri
680 2064 739 2122 in
774 2079 847 2124 eo
884 2062 1143 2139 culpam,
1178 2062 1229 2121 si
1257 2061 1469 2121 femina
1503 2060 1732 2122 modum
1769 2060 2036 2120 excedat.
2095 2076 2289 2137 porro
2325 2060 2400 2120 ob
2470 2126 2471 2141 χ

306 2172 359 2211 20
380 2150 549 2206 unius
582 2153 676 2204 aut
704 2144 943 2205 alterius
979 2145 1314 2206 inbecillum
1351 2146 1592 2206 animum
1627 2144 1782 2206 male
1823 2146 1969 2221 eripi
1997 2144 2220 2203 maritis
2257 2162 2400 2204 eon-

378 2229 558 2289 sortia
587 2246 779 2287 rerum
802 2230 1179 2289 secundarum
1204 2228 1710 2305 adversarumque.
1761 2227 1925 2287 simul
1959 2245 2160 2287 sexum
2186 2238 2402 2287 natura

378 2311 686 2371 invalidum
727 2310 920 2371 deseri
969 2321 1028 2370 et
1077 2314 1296 2389 exponi
1354 2330 1460 2373 suo
1517 2310 1685 2387 luxu,
1745 2310 2104 2390 cupidinibus
2155 2311 2400 2371 alie-nis.

378 2398 477 2455 vix
509 2396 807 2475 praesenti
841 2394 1102 2455 custodia
1130 2414 1369 2455 manere
1394 2396 1614 2456 inlaesa
1641 2396 1942 2471 coniugia.-
1981 2394 2114 2473 quid
2141 2395 2298 2471 fore,
2341 2396 2400 2454 si

370 2499 487 2559 per
524 2479 726 2558 plures
759 2496 941 2539 annos
975 2480 1032 2539 in
1058 2478 1288 2538 modum
1317 2479 1540 2539 discidii
1571 2476 1992 2539 obliterentur?
2035 2480 2120 2539 sic
2149 2478 2398 2539 obviam

306 2588 358 2629 25
382 2566 530 2623 irent
558 2565 629 2623 iis
660 2580 807 2640 quae
836 2562 971 2623 alibi
1012 2570 1425 2641 peccarentur,
1447 2570 1508 2621 ut
1537 2564 1882 2639 flagitiorum
1911 2561 2068 2623 urbis
2095 2562 2395 2622 meminis-

376 2657 525 2707 sent.
586 2646 801 2714 addidit
836 2664 1021 2725 pauca
1050 2644 1274 2705 Drusus
1311 2643 1383 2703 de
1411 2648 1770 2712 matrimonio
1817 2664 1951 2715 suo;
1998 2665 2126 2705 nam
2168 2647 2395 2724 princi·
2470 2680 2471 2683 κ

378 2732 547 2813 pibus
594 2730 857 2791 adeunda
899 2731 1133 2809 saepius
1170 2728 1482 2806 longinqua
1529 2730 1776 2807 imperii.
1872 2731 2140 2807 quotiens
2189 2730 2398 2791 divum
2470 2790 2471 2807 2

377 2816 702 2892 Augustum
751 2816 809 2873 in
864 2814 1227 2873 occidentem
1259 2821 1444 2891 ¹atque
1499 2814 1776 2875 orientem
1821 2816 2114 2873 meavisse
2169 2817 2400 2875 comite

375 2899 565 2960 Livia!
602 2917 667 2958 se
700 2914 933 2978 quoque
960 2900 1017 2957 in
1046 2896 1337 2971 Illyricum
1372 2896 1699 2975 profectum
1735 2906 1820 2975 et,
1850 2898 1914 2957 ‘si
1957 2898 2038 2959 ita
2071 2898 2395 2973 conducat,

307 3004 359 3045 30
380 2983 525 3043 alias
575 2981 646 3043 ad
688 2991 895 3058 gentes
938 2984 1172 3057 iturum,
1222 2979 1373 3041 haud
1415 3000 1645 3059 semper
1689 2998 1874 3060 aequo
1927 2982 2113 3041 animo
2137 3026 2155 3057 ,
2207 2985 2260 3041 si
2319 2982 2396 3041 ab

375 3085 562 3128 uxore
598 3067 892 3125 carissima
929 3074 987 3123 et
1019 3073 1105 3125 tot
1136 3066 1509 3128 communium
1555 3064 1868 3125 liberorum
1912 3074 2154 3145 parente
2199 3064 2398 3127 divel-
2470 3104 2471 3107 =

378 3152 616 3212 leretur.
676 3151 762 3209 sie
802 3148 1087 3209 Caecinae
1116 3151 1400 3211 sententia
1433 3149 1614 3209 elusa.
2470 3180 2471 3225 4

504 3234 605 3295 35.
650 3232 725 3292 Et
759 3232 1005 3311 >proximi
1036 3242 1270 3293 senatus
1299 3234 1391 3293 die
1421 3232 1688 3295 Tiberius
1718 3252 1826 3313 per
1859 3233 2092 3309 literas,
2129 3233 2396 3310 castiga·
2470 3232 2471 3253 ³

378 3320 453 3379 tis
486 3318 721 3395 oblique
748 3316 1009 3395 patribus
1053 3317 1206 3396 quod
1247 3326 1450 3377 cuncta
1493 3334 1752 3377 curarum
1794 3317 1865 3377 ad
1900 3318 2222 3395 principem
2265 3319 2396 3377 rei-

382 3410 616 3478 cerent,
650 3401 747 3460 M’.
782 3400 1055 3479 Lepidum
1086 3410 1145 3461 et
1171 3400 1388 3461 qui‘um
1431 3400 1697 3461 Blaesum
1739 3404 2082 3477 nominavit,
2129 3418 2206 3459 ex
2251 3403 2396 3477 quis
2470 3470 2471 3485 χ

382 3501 489 3561 pro
526 3484 766 3545 consule
796 3486 1032 3547 Africae
1069 3485 1385 3561 legeretur.
1451 3492 1566 3543 tum
1610 3485 1794 3548 audita
1837 3483 2128 3547 amborum
2174 3484 2392 3563 verba,
2470 3486 2471 3495 ³
