2475 4000
465 157 485 179 '
552 168 557 174 “
626 170 837 219 mesu
864 156 1005 220 xw.
1039 128 1187 229 cAP'.
1216 170 1480 225 38--43
1933 162 2050 224 271

68 326 272 388 cellum
316 326 593 386 memoria
630 325 909 435 maiorum
950 334 1007 385 et
1046 344 1258 404 preces
1298 326 1564 387 Caesaris
1603 346 1830 407 poenae
1867 334 2056 409 magis

66 430 229 491 quam
258 410 525 470 infamiae
556 426 845 469 exemere.
2075 438 2125 479 15

180 498 283 556 41.
322 492 575 554 Perculit
612 496 683 553 is
704 494 830 553 dies
870 492 1203 573 Pompeium
1247 511 1479 574 quoque
1520 494 1854 574 Aelianum,
1897 501 2054 559 iuve-

66 599 191 639 nem
216 580 624 657 quaestorium,
657 586 942 655 tamquam
964 579 1310 655 flagitiorum
1331 578 1570 639 Fabiani
1598 597 1856 657 gnarum,
1887 585 2056 661 eique

63 664 223 724 Italia
254 672 313 723 et
354 661 662 741 Hispania,
707 664 763 721 in
808 680 919 741 qua
954 672 1113 723 ortus
1156 674 1312 741 erat,
1359 662 1720 723 interdictum
1761 674 1868 725 est.
1929 670 2084 745 pari

63 748 370 825 ignominia
410 745 677 807 Valerius
718 744 989 806 Ponticus
1031 746 1320 825 adficitur,
1368 746 1534 827 -quod
1577 764 1750 823 reos,
1793 766 1866 807 n2e
1905 751 2056 828 apud

64 832 419 911 praefectum
460 829 617 889 urbis
658 840 1066 908 arguerentur,
1109 832 1183 891 ad
1227 840 1556 910 praetorem
1602 793 1936 908 detu’lisset,
1973 834 2054 891 in·
2080 858 2103 895 5

64 918 225 976 terim
266 916 469 995 specie
513 914 737 991 legum,
780 932 917 975 mox
964 916 1421 993 praevaricando
1461 916 1738 976 ultionem
1767 916 2091 981 elusatum,

63 1000 281 1061 additur
310 1007 543 1059 senatus
586 998 880 1076 consulto,
928 1002 1023 1077 qui
1052 1000 1224 1059 talem
1255 1018 1492 1079 operam
1520 1003 1885 1079 emptitasset
1917 1018 2054 1060 ven·

62 1084 406 1160 didissetve,
454 1082 693 1161 perinde
716 1100 909 1162 poena
940 1092 1235 1144 teneretur
1262 1102 1335 1144 ac
1362 1086 1412 1143 si
1453 1084 1690 1163 publico
1719 1085 1932 1145 iudicio
1965 1102 2056 1145 ca-

62 1168 305 1228 lumniae
340 1166 769 1227 condemnatus.
1277 1206 1288 1215 ι

178 1250 283 1311 42.
338 1250 503 1312 Haud
541 1251 720 1312 multo
752 1259 887 1331 post
918 1220 1276 1330 praefectum
1306 1251 1466 1311 urbis
1496 1252 1805 1313 Pedanium
1835 1254 2056 1313 Secun-

62 1336 187 1397 dum
233 1354 437 1401 servus
480 1336 661 1415 ipsius
706 1335 1030 1412 interfecit,
1070 1354 1173 1395 seu
1212 1345 1427 1413 negata
1457 1336 1760 1415 libertate,
1807 1338 1898 1397 cui
1925 1355 2056 1417 pre·

58 1424 190 1481 tium
227 1422 569 1499 pepigerat,
613 1420 739 1490 sive
766 1436 965 1479 amore
1002 1419 1218 1480 exoleti
1245 1423 1517 1481 incensus
1558 1430 1618 1481 et
1645 1421 1931 1481 dominum
1961 1435 2056 1481 ae-

58 1506 267 1565 mulum
296 1522 413 1564 non
448 1504 725 1565 tolerans.
788 1511 1044 1563 ceterum
1076 1523 1202 1563 cum
1232 1514 1432 1565 vetere
1475 1523 1552 1565 ex
1585 1522 1746 1578 more
1787 1506 2058 1565 familiam

61 1600 317 1666 omnem,
352 1606 501 1667 quae
543 1588 649 1648 sub
691 1586 898 1648 eodem
939 1597 1095 1649 tecto
1124 1591 1560 1667 mansitaverat,
1604 1589 1676 1650 ad
1711 1590 2082 1669 supplicium
2081 1606 2106 1645 ⁵

58 1678 149 1751 agi
181 1678 505 1753 oporteret,
539 1690 827 1732 concursu
855 1672 1071 1751 plebis,
1104 1691 1254 1765 quae
1275 1682 1371 1739 xtot
1397 1676 1666 1735 innoxios
1691 1672 2058 1753 protegebat,

57 1776 243 1857 usque
272 1757 343 1817 ad
376 1746 716 1818 seditionem
746 1764 977 1816 ventum
1008 1766 1095 1817 est
1106 1766 1477 1853 senatusque
1515 1756 1822 1835 obsessus,
1859 1760 1916 1817 in
1943 1775 2057 1835 quo
2159 1776 2166 1782 ·

58 1844 186 1920 ipso
220 1851 385 1915 erant
410 1842 593 1902 studia
620 1842 847 1901 nimiam
878 1821 1251 1901 severitatem
1293 1843 1750 1919 aspernantium,
1799 1840 2059 1917 pluribus

56 1927 193 1987 nihil
238 1924 559 1986 mutandum
604 1924 991 1986 censentibus.
1056 1944 1130 1985 ex
1172 1925 1299 2004 quis
1343 1923 1408 1983 C.
1456 1922 1692 1983 Cassius
1737 1925 2058 1983 sententiae
2147 1959 2153 1965 -

56 2012 193 2072 loco
227 2012 285 2068 in
313 2010 465 2070 hunc
494 2011 723 2071 modum
752 2009 1052 2069 disseruit:
2081 2028 2130 2068 ιο

183 2095 288 2154 43.
334 2095 566 2173 ‘Saepe
610 2111 882 2169 numero,
934 2101 1135 2172 patres
1192 2092 1542 2170 conscripti,
1598 2093 1656 2151 in
1698 2091 1814 2152 hoc
1860 2090 2062 2150 ordine

52 2177 308 2252 interfui,
346 2194 472 2235 cum
504 2186 703 2236 contra
734 2177 987 2235 instituta
1030 2184 1086 2235 et
1126 2175 1298 2252 leges
1326 2178 1602 2236 maiorum
1631 2195 1782 2237 nova
1827 2183 2060 2238 senatus

52 2263 299 2322 decreta
342 2260 795 2337 postularentur;
842 2276 1033 2338 neque
1075 2277 1197 2320 sum
1240 2259 1606 2337 adversatus,
1651 2279 1770 2322 non
1801 2260 1934 2339 quia
1963 2259 2060 2319 du-

52 2345 335 2419 bitarem,
380 2362 556 2423 super
600 2342 861 2404 omnibus
902 2345 1155 2420 negotiis
1208 2343 1414 2404 melius
1453 2353 1623 2423 atque
1667 2346 1883 2405 rectius
1925 2344 2062 2403 olim

39 2429 356 2510 provisum
390 2437 451 2487 et
481 2445 629 2506 quae
660 2436 1141 2488 converterentur
1185 2429 1251 2490 in
1281 2427 1536 2488 deterius
1569 2430 1802 2504 mutari,
1845 2427 1952 2486 sed
1989 2445 2062 2486 ne
2086 2445 2112 2485 5

56 2514 231 2574 nimio
266 2530 464 2572 amore
494 2513 724 2611 antiqui
745 2513 923 2571 moris
957 2513 1199 2572 studium
1243 2531 1429 2572 meum
1477 2513 1768 2583 extollere
1807 2504 2065 2571 viderer

58 2597 223 2658 simul
254 2596 530 2678 quidquid
556 2595 672 2656 hoc
706 2597 765 2656 iu
794 2595 961 2656 nobis
991 2598 1348 2658 auctoritatis
1391 2606 1511 2674 est,
1565 2595 1789 2656 crebris
1835 2603 2062 2654 contra·

59 2680 407 2742 dictionibus
453 2679 859 2740 destruendum
898 2698 1014 2741 non
1044 2679 1472 2757 existimabam,
1521 2689 1584 2740 ut
1621 2688 1886 2742 maneret
1919 2679 2062 2737 inte·

59 2785 254 2844 grum,
300 2767 351 2825 si
384 2765 611 2844 quando
656 2783 754 2825 res
795 2764 1025 2843 publica
1070 2766 1332 2826 consiliis
1359 2766 1639 2842 eguisset.
1706 2763 1862 2843 quod
1890 2761 2064 2822 hodie

60 2852 284 2928 evenit,
322 2849 614 2910 consulari
651 2850 778 2909 viro
810 2848 963 2910 domi
1000 2867 1139 2910 suae
1176 2849 1487 2910 interfecto
1517 2867 1629 2929 per
1669 2847 1906 2929 insidias
1935 2865 2136 2906 ser-10

58 2935 221 3014 viles,
258 2953 403 3014 quas
430 2951 598 2994 nemo
630 2931 924 3021 prohibuit
956 2943 1051 2994 aut
1080 2934 1336 3012 prodidit
1367 2935 1626 3012 quamvis
1653 2932 1904 2993 nondum
1929 2947 2064 2990 con·

62 3037 233 3079 cusso
275 3028 510 3082 senatus
554 3012 856 3094 consulto,
905 3018 1063 3095 quod
1102 3018 1447 3098 supplicium
1474 3021 1582 3078 toti
1620 3016 1871 3078 familiae
1904 3015 2065 3074 mini-

58 3104 301 3165 tabatur.
373 3104 669 3164 decernite
723 3101 965 3162 hercule
1020 3102 1424 3180 inpunitatem:
1479 3110 1538 3162 at
1592 3119 1762 3181 quem
1816 3099 2067 3175 dignitas

64 3207 160 3248 sua
204 3188 512 3264 defendet,
568 3205 693 3247 cum
738 3186 1111 3265 praefectura
1151 3185 1311 3246 urbis
1354 3203 1469 3245 non
1514 3181 1842 3265 proi'uerit‘²
1895 3200 2066 3262 quem

64 3291 357 3334 numerus
376 3290 675 3332 servorum
716 3269 997 3348 tuebitur,
1038 3289 1165 3330 cum
1206 3270 1514 3331 Pedanium
1559 3267 1884 3330 Secundum
1925 3284 2059 3345 qua
2086 3283 2135 3325 15

66 3356 361 3434 dringenti
380 3374 495 3416 non
528 3352 930 3434 protexerint?
993 3357 1081 3416 cui
1123 3349 1338 3415 familia
1371 3372 1542 3434 opem
1581 3355 1767 3430 feret,
1809 3368 1962 3442 quae
1991 3369 2065 3410 ne

64 3441 120 3499 in
153 3451 309 3502 metu
340 3441 567 3522 quidem
597 3439 857 3546 pericula
898 3449 1097 3499 nostra
1127 3437 1412 3500 advertit‘²
1457 3459 1558 3517 an,
1606 3447 1665 3498 ut
1701 3431 1950 3516 quidam
1958 3435 2058 3496 iin-
