2475 4000
1869 75 1914 122 w

387 222 511 285 242
826 239 835 248 ·
976 231 1304 280 CORNELII
1335 231 1569 280 'rAcrn
1597 231 1958 280 ANNALmM

375 389 704 450 *sulerentur
760 385 894 444 totis
948 386 1296 446 exercitibus
1350 381 1544 446 coram
1595 385 2001 446 dissertaturos
2043 387 2402 465 respondit.

382 475 685 548 locumque
721 469 967 546 delegit,
1013 472 1173 529 cuius
1213 489 1348 549 pars
1394 469 1574 529 altera
1621 469 1804 529 colles
1847 477 2012 528 erant
2052 469 2406 531 clementer

383 556 759 630 adsurgentes
794 552 1149 631 accipiendis
1180 553 1428 633 peditum
1457 551 1778 629 ordinibus,
1816 571 1952 631 pars
1980 554 2040 612 in
2073 553 2396 634 planitiem

315 663 363 705 15
383 636 789 719 porrigebatur
833 635 904 696 ad
941 637 1312 716 explicandas
1355 637 1606 714 equitum
1647 645 1878 696 turmas.
1947 636 2156 718 dieque
2196 648 2400 716 pacto

381 725 541 803 prior
571 718 826 781 Corbulo
855 720 1046 780 socias
1076 720 1352 780 cohortes
1382 729 1440 780 et
1469 719 1676 780 auxilia
1703 737 1904 797 regum
1934 737 2042 799 pro
2073 721 2398 798 c‘ornibuS,

265 845 273 860 .
378 805 566 866 medio
597 812 818 864 sextam
844 803 1139 880 legionem
1166 805 1490 880 constituit,
1521 805 1610 864 cui
1641 805 1823 864 accita
1848 822 1956 882 per
1984 812 2214 863 noctem
2243 805 2398 864 aliis

381 910 455 952 ex
480 890 687 953 castris
707 888 813 946 tria
836 887 989 946 milia
1014 889 1382 948 tertianorum
1405 889 1841 967 permiscuerat‚
1873 904 1983 946 una
2008 906 2135 948 cum
2157 889 2394 966 aquila,

385 975 543 1053 quasi
590 970 790 1033 eadem
832 969 991 1047 legio
1034 979 1412 1051 spectaretur.
1447 1039 1451 1046 ,
1484 969 1766 1030 Tirida-tes
1808 980 2088 1048 vergente
2131 973 2242 1031 iam
2275 972 2396 1032 die

311 1081 363 1124 20
383 1056 586 1138 procul
629 1055 875 1132 adstitit,
916 1053 1065 1115 unde
1106 1054 1290 1115 videri
1327 1056 1517 1132 magis
1561 1071 1724 1133 quam
1768 1054 1945 1115 audiri
1989 1065 2211 1134 posset.
2297 1059 2394 1115 ita

384 1145 509 1202 sine
532 1155 855 1217 congressu
888 1137 1003 1198 dux
1022 1138 1311 1199 Romanus
1341 1138 1658 1198 abscedere
1687 1138 1921 1198 militem
1951 1157 2051 1198 sua
2083 1145 2394 1218 quemque

383 1227 439 1287 in
474 1232 662 1285 castra
695 1221 872 1282 iubet.
938 1262 943 1267 -

510 1309 609 1370 39.
648 1306 778 1366 Rex
817 1308 942 1366 sive
984 1305 1239 1380 fraudem
1296 1307 1663 1384 suspectans,
1723 1307 1854 1383 quia
1897 1305 2060 1384 plura
2101 1304 2269 1382 simul
2315 1308 2392 1365 in

384 1394 519 1453 loca
551 1388 767 1464 ibatur,
801 1390 924 1448 sive
956 1397 1014 1447 ut
1050 1398 1397 1448 commeatus
1428 1397 1658 1448 nostros
1687 1387 1932 1449 Pontico
1968 1388 2106 1449 mari
2135 1397 2192 1447 et
2221 1387 2380 1448 Tra-

385 1482 631 1555 pezunte
677 1471 893 1550 oppido
938 1470 1312 1532 adventantes
1351 1475 1755 1552 interciperet,
1799 1491 2054 1552 propere
2102 1471 2382 1531 discedit.

388 1556 491 1618 sed
532 1569 727 1633 neque·
753 1553 1160 1614 commeatibus
1193 1557 1308 1613 vim
1348 1554 1546 1615 facere
1580 1558 1793 1635 potuit,
1841 1557 1972 1634 quia
2007 1574 2113 1635 per
2141 1563 2384 1616 montes

268 1689 274 1695 «
343 1639 737 1704 aducebantur
782 1636 1085 1716 praesidiis
1126 1639 1339 1697 nostris
1381 1639 1671 1716 insessos,
1711 1649 1769 1700 et
1797 1639 2086 1717 Corbulo,
2128 1658 2202 1699 ne
2240 1641 2382 1699 inri-

385 1735 499 1785 tum
541 1721 755 1782 bellum
798 1720 1119 1782 traheretur
1158 1730 1334 1799 utque
1376 1719 1682 1780 Armenios
1737 1723 1807 1780 ad
1858 1742 1960 1804 sna
2006 1723 2384 1784 defendenda

386 1814 662 1885 cogeret,
695 1805 1011 1884 excindere¹
1028 1813 1199 1884 parat
1227 1803 1499 1879 castella,
1532 1803 1756 1882 sibique
1783 1808 1934 1882 quod
1961 1806 2380 1868 validissimum

384 1893 443 1952 in
492 1909 562 1950 ea
605 1889 967 1969 praefectura
987 1933 1005 1965 ‚
1062 1893 1446 1966 cognomento
1488 1887 1843 1965 Volandum,
1898 1891 2088 1960 sumit;
2148 1893 2382 1952 minora

387 1974 659 2038 Cornelio
690 1973 905 2035 Flacco
949 1971 1161 2051 legato*
1190 1980 1249 2033 et
1279 1971 1494 2033 Insteio
1527 1968 1792 2051 Capitoni
1840 1981 2154 2036 castrorum
2203 1993 2380 2055 prae·

318 2063 543 2123 infecto
576 2058 823 2118 mandat.
882 2067 996 2118 tum
1034 2056 1468 2136 circumspectis
1509 2058 1868 2116 munimentis
1910 2064 1968 2115 et
2014 2074 2161 2134 quae
2194 2076 2380 2137 expu-

387 2143 642 2221 gnationi
686 2140 895 2205 idonea
936 2142 1221 2222 provisis,
1263 2140 1522 2200 hortatur
1555 2139 1765 2199 milites
1809 2146 1868 2199 ut
1907 2139 2131 2199 hostem
2167 2158 2380 2217 vagum

386 2244 575 2303 neque
613 2227 745 2301 paci
788 2234 883 2285 aut
930 2226 1157 2304 proelio
1189 2234 1477 2305 paratum,
1526 2223 1628 2283 sed
1671 2222 1970 2302 perfidiam
2001 2231 2058 2281 et
2085 2224 2382 2301 ignaviam

386 2310 523 2385 fuga
558 2308 921 2368 confitentem
952 2317 1238 2369 exuerent·
1261 2308 1492 2367 sedibus
1516 2308 1855 2385 gloriaeque
1886 2306 2105 2385 pariter
2129 2315 2189 2366 et
2207 2324 2378 2385 prae·

388 2392 495 2451 dae
552 2392 939 2452 consulerent.
1004 2401 1119 2451 tum
1172 2386 1587 2470 quadripertito
1633 2392 1893 2450 exercitu
1936 2389 2048 2450 hos
2102 2392 2158 2449 in
2197 2399 2374 2449 testu-

322 2493 369 2533 15
388 2476 574 2553 dineni
600 2475 987 2553 conglobatos
1013 2475 1336 2535 subruendo
1361 2474 1515 2534 vallo
1543 2474 1760 2533 inducit
1776 2518 1794 2551 ,
1822 2474 1970 2533 alios
1997 2474 2186 2533 scalas
2210 2490 2376 2531 moe—

291 2560 299 2565 ”
387 2559 552 2619 nibus
600 2560 941 2635 admovere,
984 2558 1190 2618 multos
1231 2560 1530 2619 tormentis
1575 2558 1740 2617 faces
1786 2566 1846 2617 et
1887 2557 2084 2617 hastas
2113 2558 2380 2616 incutere

387 2642 561 2702 iubet.
642 2643 995 2704 libritoribus
1048 2642 1544 2719 funditoribusque
1609 2640 1908 2702 attributus
1956 2641 2158 2715 locus,
2219 2639 2380 2702 unde

388 2727 604 2785 eminus
634 2728 879 2803 glandes
908 2734 1272 2805 torquerent,
1305 2745 1380 2786 ne
1412 2742 1520 2804 qua
1555 2744 1690 2805 pars
1721 2724 2034 2785 subsidium
2065 2724 2382 2799 laboranti·

387 2810 493 2869 hus
534 2810 713 2869 ferret
752 2812 877 2888 pari
923 2808 1169 2886 undique
1215 2819 1386 2869 metu.
1474 2818 1662 2869 tantus
1702 2808 1836 2869 inde
1883 2809 2058 2869 ardor
2102 2808 2385 2868 certantis

320 2914 371 2955 20
390 2894 684 2953 exercitus
711 2893 843 2970 fuit,
892 2902 951 2952 ut
982 2895 1130 2951 intra
1162 2894 1384 2953 tertiam
1417 2892 1529 2955 diei
1563 2902 1782 2971 partem
1815 2892 2007 2953 nudati
2043 2908 2380 2972 propugna-

299 2992 306 3007 ·
390 2977 609 3037 toribus
637 2978 812 3051 muri,
842 2976 1042 3035 obices
1074 2985 1365 3055 portarum
1395 2976 1688 3054 subversi,
1723 2987 1889 3057 capta
1922 2994 2174 3037 escensu
2203 2975 2384 3034 muni·

390 3070 577 3121 menta
612 3077 924 3137 omnesque
965 3059 1213 3139 puberes
1256 3061 1516 3121 trucidati
1550 3062 1692 3137 sint,
1735 3062 1893 3121 nullo
1927 3061 2106 3119 milite
2137 3061 2380 3133 amisso,

391 3146 591 3223 paucis
629 3142 927 3203 admodum
967 3144 1298 3205 vulneratis.
1381 3153 1439 3204 et
1491 3144 1706 3205 inbelle
1749 3146 1955 3222 vulgus
1997 3143 2102 3203 sub
2157 3160 2378 3203 corona

391 3227 801 3303 venundatum,
832 3224 1069 3306 'reliqua
1109 3228 1325 3307 praeda
1365 3227 1905 3289 victoribus'cessit.
1976 3228 2102 3306 pari
2139 3228 2376 3287 fortuna

316 3334 371 3379 25
391 3311 615 3387 legatus
662 3330 729 3374 ac
758 3312 1102 3391 ,praefectus
1146 3314 1232 3371 usi
1276 3320 1433 3387 sunt,
1487 3311 1786 3391 tribusque
1827 3330 1933 3372 una
1979 3311 2070 3371 die
2113 3310 2380 3371 castellis

392 3396 730 3471 expugnatis
778 3404 969 3456 cetera
1011 3406 1237 3457 terrore
1281 3403 1338 3455 et
1367 3395 1476 3455 alia
1519 3406 1730 3474 sponte
1773 3395 2086 3456 incolarum
2125 3396 2185 3453 in
2217 3394 2375 3454 dedi-

390 3478 600 3535 tionem
648 3480 968 3541 veniehant.
1042 3479 1193 3539 unde
1236 3487 1361 3537 orta
1401 3478 1604 3538 fiducia
1649 3489 1820 3559 caput
1857 3480 2048 3557 gentis
2089 3477 2374 3539 Artaxata
