2475 4000
364 232 436 278 vl
923 225 1463 273 COMMENTARIUS
1503 224 1832 273 CRITICUS.

357 393 553 459 gustae
599 402 746 441 corr.
794 400 870 440 ex
913 391 1143 454 augusta
1186 385 1271 440 vel
1314 390 1582 455 augusta,
1626 393 1685 438 ut
1715 385 1945 439 videtur.
2011 387 2080 440 F.
2139 387 2234 440 W.
2285 381 2408 439 Otto

354 459 574 526 contulit
593 479 621 528 1
640 510 657 538 ,
692 477 760 529 53
790 469 1169 541 Sempronium
1199 484 1395 524 nomen
1414 507 1431 536 ,
1460 473 1524 536 2,
1561 473 1628 526 52
1651 467 1868 522 Furium
1897 485 2124 540 nomen,
2155 469 2404 538 Lampr.

351 556 511 610 Alex.
544 553 663 608 Sev.
708 561 735 610 1
774 553 1081 622 Augustum
1117 568 1346 620 nomen,
1391 549 1534 605 Plin.
1570 551 1711 606 Pan.
1741 557 1810 610 84
1845 568 2153 622 cognomen
2193 553 2402 622 Augu·

352 645 491 694 stum
548 629 558 714 Ι
610 643 643 696 9
676 637 899 692 urbanis
933 636 1244 706 quingenos
1277 634 1505 705 Sauppe
1523 641 1655 705 post
1681 635 1831 690 milia
1862 636 2026 696 add.,·
2047 635 2406 707 legionariis

354 720 517 790 CCC,
564 720 885 775 cohortibus
918 719 1119 774 civium
1142 719 1238 773 Ro.
1273 716 1494 773 CCCCC
1525 733 1768 773 nummos
1805 719 1878 779 G‚·
1910 738 1961 774 v.
1992 720 2059 773 de
2091 721 2208 774 loco
2234 722 2403 774 etiam

350 804 439 860 He
464 807 521 858 in
556 803 748 858 Philol.
782 802 890 871 111,
932 808 1033 860 154
1090 795 1099 878 Ι
1160 807 1279 857 aut:
1325 807 1488 872 atque
1521 802 1774 868 Βνοτίεν,
1823 808 2002 857 autem
2027 803 2082 857 B
2130 795 2140 882 Ι
2196 811 2268 862 11
2308 801 2403 873 qui

352 888 490 941 adda
520 889 635 951 Bz,
676 889 783 941 nisi
813 888 995 960 potius
1034 892 1161 939 ante
1208 884 1316 939 visi
1360 887 1634 939 intercidit
1643 908 1660 947 ;
1710 891 1903 940 contra
1959 886 2245 958 Wopkens
2289 885 2402 941 visi

350 971 554 1026 delevit.
626 969 700 1023 In
737 971 997 1024 sententia
1037 970 1266 1023 relativa
1293 969 1433 1022 inest
1459 969 1715 1023 obiectum
1755 961 1920 1024 verbi*
1937 985 2238 1025 censuere.
2287 964 2298 1046 Ι
2339 973 2405 1026 26

350 1055 679 1126 inprospera
708 1053 966 1125 repetita,
996 1067 1098 1107 em.
1122 1051 1169 1106 L
1194 1042 1203 1128 Ι
1236 1048 1399 1120 9,.12
1434 1052 1559 1106 dum
1592 1051 1652 1105 M
1664 1077 1679 1104 .-
1710 1058 1839 1107 tunc
1864 1049 1955 1126 (ut
1977 1051 2050 1120 R,
2083 1059 2217 1107 tunc
2245 1059 2310 1106 ut
2330 1052 2403 1116 B,

350 1154 469 1192 cum
497 1134 611 1217 He)
650 1130 659 1212 Ι
699 1144 762 1195 15
791 1143 849 1190 ut
876 1153 977 1191 om.
1019 1129 1029 1215 Ι
1072 1134 1181 1204 10,
1220 1141 1286 1194 19
1326 1135 1496 1191 iulios
1534 1127 1546 1213 Ι
1581 1141 1650 1193 20
1681 1135 1914 1192 adducta
1952 1134 1960 1207 Ι
1999 1142 2064 1194 21
2099 1136 2164 1202 Q.
2214 1136 2402 1191 Victo-

348 1223 497 1275 rius:
530 1236 635 1290 que
670 1217 807 1294 (que
834 1220 969 1276 tedii
1002 1227 1058 1274 et
1088 1220 1190 1274 del.
1226 1217 1555 1287 Mommsen,
1600 1219 1656 1273 C.
1691 1219 1840 1276 Matii
1875 1226 1930 1274 et
1959 1216 2038 1289 F,
2071 1219 2134 1285 Q.
2173 1219 2401 1274 Alledii

349 1305 406 1360 0.
432 1298 497 1358 L.
524 1302 669 1357 Roth
698 1319 771 1358 ea:
800 1303 991 1360 Iuven.
1014 1296 1260 1373 V‚.118)
1299 1294 1310 1377 Ι
1347 1308 1417 1361 23
1441 1303 1670 1372 grauius
2049 1347 2055 1354 .

522 1383 591 1441 11
614 1426 631 1454 ,
663 1391 726 1446 17
761 1387 1060 1456 vectigalia
1099 1393 1152 1440 et
1184 1385 1552 1442 necessitates
1581 1388 1700 1440 sine
1732 1393 1993 1440 commate
2027 1386 2088 1440 N
2109 1392 2160 1440 et
2179 1385 2314 1447 He:
2345 1392 2400 1440 at

347 1470 669 1524 cohaerent.-
711 1485 847 1540 opes
878 1469 1133 1540 publicae
1165 1469 1588 1525 continebantur
1619 1514 1630 1525 .
1667 1511 1678 1522 .
1717 1476 1773 1524 et
1803 1469 2201 1538 necessitateS,
2252 1485 2398 1540 quae

346 1556 627 1608 interiecta
649 1561 801 1620 sunt,
817 1558 1014 1622 partes
1035 1558 1160 1606 sunt
1180 1569 1344 1622 opum
1366 1552 1737 1623 publicarum.

519 1633 631 1706 12,
676 1643 742 1702 10
776 1636 875 1690 sed
919 1643 1007 1690 et:
1052 1637 1153 1691 sed
1185 1643 1243 1690 ut
1273 1635 1351 1696 L,·
1380 1642 1437 1690 at
1464 1653 1511 1691 v.
1537 1637 1590 1692 D
1641 1632 1650 1712 Ι
1699 1643 1763 1694 15
1807 1637 2082 1708 uipstania

516 1716 625 1793 13,
668 1724 699 1779 7
728 1716 797 1773 Μ’
833 1719 878 1772 L
909 1726 959 1774 et
989 1719 1287 1790 Borqhesi:
1323 1737 1389 1774 m.
1443 1711 1452 1796 Ι
1511 1726 1573 1778 14
1615 1725 1780 1791 caput
1826 1719 1912 1775 R.-
1955 1719 2098 1791 apud
2145 1720 2202 1773 te
2252 1715 2392 1792 (non

347 1820 473 1858 esse
517 1810 681 1874 caput
724 1810 777 1858 te
807 1802 892 1856 rei
933 1820 985 1874 p.
1014 1803 1085 1867 L)
1140 1795 1149 1878 Ι
1192 1809 1264 1861 25
1297 1810 1559 1873 etusque‚
1594 1818 1694 1858 em.
1719 1803 1767 1857 L
2436 1871 2437 1876 Ι

518 1885 627 1957 14,
660 1897 690 1945 5
736 1887 791 1941 in
836 1887 922 1941 his
978 1879 988 1964 Ι
1041 1883 1148 1956 15,
1197 1894 1259 1944 11
1297 1887 1436 1942 anm]
1479 1886 1581 1956 ad,
1620 1902 1723 1942 em.
1754 1888 1822 1942 A.
1858 1888 2192 1958 Augustinus
2231 1887 2306 1939 et*
2335 1887 2390 1954 L,
2436 1883 2437 1973 Ι

346 1987 576 2027 annuum
608 1971 679 2027 ad
707 1970 794 2041 R,
834 1965 1075 2045 [anuum]
1125 1971 1193 2026 ad
1222 1969 1327 2039 Rt’,
1369 1976 1497 2042 post
1543 1987 1738 2026 annum
1777 1971 1846 2027 ad
1872 1970 1988 2037 He,
2034 1984 2278 2041 agonum
2323 1970 2389 2025 ad

343 2055 536 2126 Berylc
572 2048 582 2133 Ι
626 2050 724 2125 16,
748 2061 782 2114 6
812 2061 904 2109 aut
931 2056 1187 2125 gaudium
1209 2054 1282 2109 M
1301 2056 1549 2117 seclusi&
1577 2061 1634 2109 at
1665 2058 1744 2110 ait
1769 2055 1993 2109 Tacitus
2024 2056 2180 2110 solita
2203 2056 2388 2107 munia

345 2140 456 2192 alia
488 2139 551 2192 ob
589 2141 841 2193 iustitium
872 2140 981 2193 aiia
1021 2139 1089 2193 ab
1124 2139 1381 2209 gaudium
1425 2138 1733 2193 intermissa
1773 2152 1919 2198 esse,·
1952 2136 2032 2208 cf.
2076 2145 2104 2194 1
2126 2177 2142 2206 ,
2182 2145 2249 2195 55
2281 2137 2384 2191 Ar-

345 2222 567 2276 minium
595 2238 659 2277 ac
690 2222 999 2295 Segestem,
1030 2221 1305 2292 insignem
1334 2227 1621 2292 utrumque
1651 2221 1885 2294 perfidia
1921 2222 1978 2275 in
2009 2237 2110 2276 nos
2141 2226 2235 2275 aut
2260 2220 2384 2274 fide.
2433 2226 2435 2277 ἲ

344 2310 412 2373 4,
454 2309 518 2362 47
560 2306 712 2374 quod
757 2321 951 2375 magna
994 2306 1080 2361 vis
1122 2311 1327 2361 armata
1378 2311 1470 2359 aut
1509 2305 1788 2361 incondita
1813 2305 2108 2369 -tuebatula
2185 2308 2284 2370 12,
2322 2308 2384 2359 12
2434 2296 2435 2342 Ι

344 2387 799 2462 ηῄψεῃῃῃαηθε
847 2405 947 2459 per
992 2390 1162 2444 otium
1190 2389 1416 2458 ignotae
1447 2388 1860 2460 industriosque
1925 2394 1990 2441 ut
2013 2388 2249 2456 ignavos
2277 2402 2383 2455 pax

342 2470 400 2525 in
430 2476 825 2541 aequosenet,
867 2472 960 2526 ubi
993 2489 1041 2527 v.
1074 2472 1260 2543 Νῂτῃυ.Χ
1287 2476 1339 2526 et
1376 2471 1603 2526 eundem
1647 2474 1723 2527 ad
1747 2491 1828 2529 vv.
1865 2490 1915 2527 m
2009 2471 2057 2525 is
2103 2475 2196 2525 aut
2225 2468 2382 2523 aviae

344 2559 413 2627 13
422 2558 601 2645 hoff-Q
616 2554 713 2631 {Ac
742 2557 978 2625 proprio
1018 2556 1254 2626 quodam
1299 2569 1404 2609 usu
1438 2554 1656 2609 Tacitus
1685 2558 1764 2610 sic
1803 2559 1960 2611 etiam
2079 2558 2100 2605 t
2130 2557 2378 2619 usurpat,
2432 2584 2433 2628 Ι

342 2636 728 2714 ᾳζῃίῆῃερζίεη
757 2640 827 2691 sit
850 2639 999 2709 quod
1047 2638 1137 2693 ‘et
1168 2637 1474 2706 vicissim',
1517 2645 1578 2693 ut
1603 2644 1682 2693 est
1712 2645 1781 2709 2,
1808 2645 1874 2699 47
1913 2640 2043 2709 quiq
2086 2652 2116 2689 e
2147 2633 2381 2688 Mosteni
2431 2632 2433 2708 Ι

344 2724 437 2797 Ἦὶῑ
459 2720 790 2796 Μρθῇρρῃθε
822 2720 1064 2790 Hyrcani
1096 2710 1398 2790 vocan'tur,
1428 2737 1588 2793 quem
1615 2722 1785 2777 locum
1819 2722 1878 2777 Ν
1899 2725 2092 2776 immer
2187 2717 2377 2770 solliei-

340 2798 499 2863 tavit,·
546 2804 671 2858 add.
708 2810 803 2872 15,
841 2808 907 2862 47
955 2804 1081 2875 quia
1125 2805 1180 2859 in
1222 2810 1384 2860 utero
1425 2821 1741 2877 repressum
1787 2811 1880 2862 aut
1925 2805 2033 2859 iter
2068 2805 2155 2861 iu.
2263 2797 2380 2851 edi-

340 2891 451 2954 tum
480 2887 585 2957 sit,
620 2889 676 2940 in
703 2903 807 2958 quo
840 2888 953 2942 loco
980 2890 1115 2941 ‘item
1154 2887 1477 2942 haesitatum
1517 2895 1610 2944 est.
1654 2888 1730 2961 cf.
1777 2889 1844 2942 de
1874 2896 1936 2957 1,
1970 2893 2036 2946 16
2076 2891 2190 2943 etia,
2279 2879 2380 2933 Ur-
2430 2938 2431 2951 Ι

340 2970 823 3059 &mmmmm
850 2970 991 3041 phil.
1033 2978 1084 3025 et
1116 2972 1282 3041 paed.
1324 2973 1424 3027 vol.
1454 2977 1551 3040 69,
1580 2978 1648 3031 60
1698 2968 1708 3049 Ι
1762 2976 1829 3029 14
1861 2970 2140 3042 delapsis,
2186 2961 2292 3049 ‘P'-
2322 2959 2386 3013 M
2429 2958 2431 3074 Ι

354 3060 440 3129 „232
469 3051 629 3133 2307ss
716 3054 1326 3129 sffonditionabundus,
1354 3070 1456 3109 em.
1489 3054 1542 3109 R
1589 3048 1602 3129 Ι
1652 3062 1686 3115 9
1714 3054 2008 3109 tendentes
2041 3054 2158 3110 JG:
2197 3049 2383 3123 tssntes

344 3059 799 3214 (ffiteqtqsngffist
854 3143 918 3195 21
954 3138 1173 3210 accepit
1214 3138 1564 3210 (acciperent
1591 3138 1702 3205 Fa)
1747 3166 1756 3177 ›
2242 3144 2264 3172 ’ἱ

510 3217 607 3290 18,
628 3226 663 3279 8
686 3221 1048 3292 operantibus
1074 3221 1119 3277 G
1143 3214 1153 3297 Ι
1184 3218 1283 3289 19,
1315 3230 1342 3279 1
1376 3222 1770 3291 aggerebatur,
1795 3236 1898 3276 em.
1937 3220 2056 3276 Wr.
2079 3195 2388 3590 aneuz?

340 3311 646 3375 conqestum
677 3319 794 3359 esse
819 3307 928 3359 iam
958 3321 1135 3377 supra
1162 3320 1211 3359 c.
1245 3310 1313 3363 18
1340 3305 1545 3359 >dictum
1572 3310 1678 3370 est,
1720 3307 2001 3377 mayisque
2030 3319 2228 3361 comen
2313 3302 2390 3381 ²²3³

339 3378 811 3458 qaaemfflnwss
849 3388 1069 3443 verbum
1101 3381 1407 3459 aygjerandi
1444 3403 1608 3458 quam
1642 3380 1956 3459 adyerem'li.
2024 3387 2140 3455 Quo
2169 3404 2263 3443 acc
2345 3377 2392 3422 ²¹
2428 3400 2429 3441 Ι

340 3471 488 3540 quod
508 3454 782 3525 Medum}
798 3474 1021 3541 primus
1048 3486 1266 3541 semper
1293 3470 1453 3525 habet
1480 3470 1752 3541 adgerere
1787 3468 1872 3546 (2,
1903 3476 2000 3537 57;
2033 3479 2086 3543 3,
2119 3468 2233 3548 67),
2295 3455 2390 3514 sd·-

2280 3599 2323 3923 Ι

2281 3938 2312 3975 ἑ
