2475 4000
360 155 487 220 248
853 145 1204 216 ‘comba
1226 159 1464 208 'mem
1483 157 1850 207 annuum

358 321 519 383 ribus
548 319 763 378 finitum
794 314 1262 394 permittebatur,
1291 311 1400 374 nisi
1420 315 1634 376 Paetus
1658 311 1917 378 Thrasea
1949 321 2156 374 contra
2185 312 2378 374 dixi»-

358 413 453 466 set
492 401 970 482 praebuissetque
1011 400 1306 459 materiem
1343 395 1832 458 obtrectatoribus
1861 396 2202 472 arguendae
2231 417 2378 458 sen-

318 489 594 552 stcntiae.
657 503 759 546 cur
781 487 971 560 enim,
1015 485 1067 542 si
1094 501 1218 544 rem
1249 482 1535 562 publicam
1557 497 1740 558 egere
1768 479 2042 560 libertate
2067 485 2382 542 senatoria

365 571 657 646 crederet,
702 579 815 630 tam
855 568 1007 628 levia
1040 564 1516 626 consectaretur?
1555 565 1692 644 quin
1729 563 1804 624 de
1853 563 2014 624 bello
2059 573 2158 624 aut
2189 583 2382 644 paee,

288 728 290 730 ,
363 656 436 716 de
465 643 847 731 vectigalibus
877 661 935 711 et
968 650 1228 728 legibus,
1279 650 1596 729 quibusque
1638 648 1768 709 aliis
1797 662 1903 708 res
1928 647 2192 708 Romana
2225 666 2380 708 con-

360 743 669 813 tineretur,
716 736 987 796 suaderet
1015 732 1490 795 dissuaderetve?
1541 735 1723 795 licere
1755 731 2044 811 patribus,
2091 734 2392 811 quotiens
2456 751 2457 756 ¹

285 881 305 895 ,
358 826 449 884 ins
472 820 749 883 dicendae
780 820 1100 880 sententiae
1134 820 1536 898 accepissent,
1579 835 1726 896 quae
1755 816 1977 876 vellent
2007 833 2388 895 expromere

294 931 343 972 10
363 907 821 981 relationemque
845 905 903 962 in
924 921 996 962 ea
1018 902 1334 980 postulare.
1377 921 1450 962 an
1473 901 1660 961 solum
1685 900 2082 960 emendatione
2107 900 2384 978 dignum,
2456 901 2457 912 ¹

360 1009 435 1052 ne
470 988 775 1065 Syracusis
804 985 1141 1066 spectacula
1169 985 1389 1064 largius
1419 985 1760 1046 ederentur:
1793 992 1989 1044 cetera
2021 1002 2130 1063 per
2159 1002 2382 1044 omnes
2456 1001 2457 1062 ζ

361 1075 588 1154 imperii
639 1079 839 1152 partes
892 1068 1133 1150 perinde
1194 1071 1476 1148 egregia,
1550 1086 1717 1146 quam
1769 1069 1817 1127 si
1871 1085 1988 1127 non
2038 1067 2200 1128 Nero
2255 1068 2379 1128 sed
2456 1075 2457 1148 ξ

363 1159 620 1221 Thrasea
670 1157 935 1234 regimen
980 1173 1179 1215 eorum
1216 1151 1482 1214 teneret?
1543 1151 1697 1230 quod
1741 1153 1790 1212 si
1829 1165 2046 1216 summa
2095 1150 2373 1212 dissimu-
2456 1151 2457 1154 ’

362 1243 577 1304 latione
608 1241 1140 1317 transmitterentur,
1182 1247 1395 1316 quanto
1417 1238 1602 1314 magis
1632 1235 1892 1296 inanibus
1921 1235 2320 1296 abstinendum
2336 1234 2380 1295 ἲ
2456 1255 2457 1310 3

295 1345 344 1386 ιε
362 1325 623 1386 Thrasea
654 1332 899 1398 contra,
933 1317 1213 1384 rationem
1245 1319 1622 1408 poscentibus
1651 1321 1848 1381 amicis
1869 1365 1888 1397 ,
1936 1337 2053 1379 non
2082 1337 2371 1397 praesen·
2456 1357 2457 1380 2

360 1411 496 1468 tium
524 1409 785 1482 ignarum
814 1405 1208 1484 respondebat
1238 1409 1362 1466 eius
1391 1404 1544 1465 modi
1585 1404 1846 1464 consulta
1884 1405 2185 1480 corrigere
2207 1449 2226 1478 ‚
2255 1404 2372 1463 sed
2456 1419 2457 1426 ¹

278 1496 286 1500 '
362 1499 587 1571 patrum
613 1489 821 1549 honori
858 1487 996 1548 dare
1013 1533 1030 1564 ,
1070 1499 1139 1550 -ut
1186 1489 1546 1560 manifestum
1586 1489 1755 1548 fieret
1795 1503 2136 1564 magnarum,
2171 1505 2368 1547 rerum
2456 1503 2457 1566 ᾗ

364 1575 558 1636 cur'am
596 1589 715 1632 non
752 1571 1238 1650 dissimulaturos,
1284 1575 1381 1652 qui
1427 1574 1671 1634 animum
1718 1573 1886 1632 etiam
1927 1571 2242 1632 levissimis
2269 1571 2372 1632 ad·

360 1665 682 1719 verterent.
2456 1667 2457 1670 ’

492 1741 593 1802 50.
640 1738 865 1802 Eodem
907 1757 1055 1800 anno
1112 1740 1335 1801 crebris
1387 1744 1590 1822 populi
1647 1729 2129 1821 flagitationibus,
2187 1743 2368 1804 inmo-

362 1824 602 1886 destiam
642 1824 1077 1904 publicanorum
1118 1826 1410 1904 arguentis
1429 1871 1447 1904 ,
1491 1826 1766 1888 dubitavit
1803 1826 1997 1903 Nero,
2041 1844 2116 1886 an
2159 1837 2372 1888 cuncta

362 1909 675 1986 vectigalia
718 1909 921 1980 omitti,
940 1909 1165 1970 iuberet
1204 1910 1379 1987 idque
1422 1911 1867 1990 pulcherrimum
1913 1910 2124 1971 donum
2157 1913 2369 1988 generi

331 1993 689 2056 ‘mortalium
734 1994 916 2055 da’ret.
994 1992 1098 2056 sed
1122 1996 1414 2075 impetum
1459 1998 1616 2075 eius,
1657 1995 1892 2056 multum
1931 1995 2096 2075 prius
2136 1994 2370 2057 laudata
2456 1998 2457 2005 ’

317 2096 341 2134 5
366 2078 752 2156 magnitudine
800 2081 1001 2155 animi,
1055 2082 1336 2140 attinuere
1395 2090 1727 2157 senatores,
1782 2079 2224 2140 dissolutionem
2269 2080 2368 2140 im-
2456 2094 2457 2115 ³

364 2163 513 2241 perii
550 2160 849 2238 docendo,
892 2165 942 2222 si
980 2164 1200 2223 fructus
1231 2162 1433 2242 quibus
1464 2182 1560 2223 res
1592 2164 1823 2244 publica
1854 2164 2240 2224 sustineretur
2269 2163 2367 2224 de·

364 2246 779 2305 minuerentur:
830 2248 1045 2325 quippe
1076 2246 1318 2307 sublatis
1347 2250 1623 2326 portoriis
1650 2246 1900 2327 sequens
1933 2256 1994 2306 ut
2023 2247 2366 2308 tributorum

366 2327 603 2389 abolitio
646 2328 1131 2408 expostularetur.
1208 2331 1520 2409 plerasque
1565 2332 1940 2409 vectigalium
1985 2334 2300 2391 societates
2327 2349 2363 2391 a

366 2410 701 2474 consulibus
742 2421 802 2472 et
843 2413 1083 2473 tribunis
1126 2413 1316 2494 plebis
1360 2416 1696 2477 constitutas
1741 2418 1861 2477 acri
1902 2416 2070 2475 etiam
2115 2423 2227 2474 tum
2251 2430 2364 2493 po-

297 2513 347 2555 10
374 2496 493 2580 puli
541 2497 785 2556 Romani
833 2496 1128 2568 libertate3
1182 2498 1406 2577 reliqua
1456 2516 1592 2559 mox
1639 2500 1717 2559 ita
1773 2500 2066 2581 provisa,
2103 2507 2162 2557 ut
2207 2500 2364 2557 ratio

368 2589 703 2659 quaestuum
750 2589 808 2641 et
855 2584 1175 2643 necessitas
1220 2584 1622 2660 erogationum
1675 2584 1824 2643 inter
1865 2600 1933 2642 se
1985 2591 2364 2659 congrueret.

362 2663 767 2743 temperandas
810 2665 981 2743 plane
1024 2665 1455 2745 publicanorum
1499 2666 1828 2747 cupidines,
1868 2684 1942 2725 ne
1983 2683 2096 2744 per
2121 2674 2222 2725 ·tot
2263 2684 2369 2725 an·
2456 2668 2457 2729 3

365 2764 473 2807 nos
502 2748 627 2807 sine
652 2748 910 2829 querella
938 2749 1151 2811 tolerat
1174 2752 1378 2810 anovis
1397 2749 1810 2811 acerbitatibus
1841 2750 1912 2811 ad
1942 2747 2216 2810 invidiam
2238 2768 2368 2809 ver·

364 2839 572 2892 terent.
680 2848 685 2851 ·
1038 2862 1051 2877 ι
1316 2870 1324 2878 -
1931 2887 1946 2907 κ

494 2915 597 2975 51.
640 2914 805 2992 Ergo
850 2914 1028 2974 edixit
1078 2915 1388 2996 princeps,
1449 2927 1508 2978 ut
1563 2918 1731 2995 leges
1792 2918 2069 2996 cuiusque
2127 2917 2368 2996 publici,

364 2997 741 3067 occultae‚ad
782 2996 839 3056 id
870 3006 1129 3075 tempus,
1174 3000 1724 3079 proscriberentur3
1759 3002 2003 3061 omissas
2056 3002 2368 3079 petitiones

362 3099 478 3141 non
510 3082 656 3141 ultra
690 3098 892 3141 annum
921 3094 1312 3153 resumerent;
1341 3085 1562 3147 Romae
1593 3093 1860 3164 praetor,
1881 3079 2002 3164 fper
2030 3087 2370 3163 provincias

278 3184 284 3197 ·
353 3167 461 3243 'qui
505 3182 614 3243 pro
658 3173 931 3244 praetore
967 3174 1063 3226 aut
1107 3168 1350 3228 consule
1392 3178 1591 3229 essent
1628 3170 1752 3230 iura
1794 3168 2074 3230 adversus
2109 3169 2366 3247 publica-

250 3254 269 3265 *
313 3268 339 3307 s
362 3260 472 3309 nos
506 3257 670 3308 extra
699 3246 955 3308 ordinem
984 3249 1326 3322 redderent;
1359 3253 1631 3315 militibus
1661 3254 1975 3313 immunitas
2007 3264 2367 3330 servaretur,

362 3333 471 3392 nisi
512 3333 570 3390 in
606 3334 677 3391 iis
728 3348 873 3408 quae
920 3350 1072 3396 veno
1116 3346 1491 3407 exer-,cereum
1541 3337 1769 3416 aliaque
1811 3333 2112 3397 admodum
2159 3354 2367 3415 aequa,

365 3430 512 3491 quae
554 3414 720 3476 brevi
759 3425 1015 3495 servata,
1055 3417 1189 3478 dein
1230 3416 1444 3481 frustra
1486 3420 1681 3483 habita
1722 3430 1869 3482 sunt.
1939 3426 2130 3479 manet
2179 3428 2366 3480 tamen
