2475 4000
716 203 927 253 mssa
952 201 1111 280 ἱΜΠ.
1152 201 1310 251 cAP.
1339 201 1504 256 49-
1515 199 1604 255 54.
2035 193 2180 256 249·

172 361 407 422 abolitio
462 357 974 438 quadragensimae
1024 359 1690 436 quinquagensimaeque
1743 367 1803 419 et
1853 377 2002 438 quae
2049 361 2160 426 alia

173 433 569 506 exbctionibus
600 440 833 501 inlicitis
862 443 1089 502 nomin-a
1120 441 1410 522 publicani
1441 443 1797 502 invenerant.
1841 453 2158 524 temperata

170 529 314 608 apud
344 527 756 588 transmarinas
784 528 1117 605 provincias
1155 526 1419 587 frumenti
1463 525 1760 586 subvectio
1805 536 1863 586 et
1906 547 1981 588 ne
2023 547 2152 590 cen·
2178 551 2246 593 1⁰¹
2297 595 2300 598 ,

171 615 321 674 sibus
347 613 774 690 negotiatorum
796 627 977 672 naves
1000 609 1466 672 adscriberentur
1494 608 1874 690 tributumque
1904 631 2012 692 pro
2041 614 2156 674 illis

170 699 489 783 penderent
511 697 901 772 constitutum,
1134 713 1139 716 ·

280 785 384 847 52.
426 785 591 845 Reos
636 778 724 844 ex'
753 786 1055 864 provincia
1084 783 1326 859 Africa,
1373 785 1468 861 qui
1516 781 1938 861 proconsulare
1977 785 2168 861 impe--

165 874 301 931 rium
347 869 472 929 illic
514 867 860 946 habuerant,
921 868 1235 948 Sulpicium
1279 865 1640 928 Camerinum
1679 875 1741 927 et
1779 866 2166 944 Pomponium·

164 956 455 1016 Silvanum
498 952 751 1014 absolvit
790 951 1037 1038 Caesar,
1086 949 1446 1012 Camerinum
1491 952 1769 1012 adversus
1799 951 2057 1030 privatos
2099 959 2168 1010 et·

162 1056 416 1120 paucoS,
462 1037 740 1098 saevitiae
772 1039 956 1114 magis
987 1055 1153 1116 vquarn
1182 1041 1477 1115 captarum
1506 1036 1876 1115 pecuniarum
1925 1034 2163 1095 crimina

162 1124 503 1184 obicientes.
566 1122 856 1182 Silvanum
894 1139 1099 1200 magna
1139 1122 1227 1180 vis
1269 1129 1667 1181 accusatorum
1696 1121 2155 1179 circumsteterat
2177 1142 2204 1184 5

162 1207 566 1288 poscebatque
594 1216 821 1285 tempus
850 1207 1279 1268 evocandorum
1309 1207 1561 1266 testium:
1590 1221 1726 1264 reus
1756 1205 1892 1264 ilico
1923 1202 2154 1264 defendi

164 1291 515 1372 postulabat.
577 1291 869 1370 valuitque
913 1293 1230 1370 pecuniosa
1277 1289 1522 1352 orbitate
1568 1299 1626 1350 et
1670 1298 1942 1366 senecta,
1990 1305 2157 1366 quam

162 1377 305 1438 ultra
342 1378 517 1436 vitam
552 1393 749 1435 eorum
783 1376 1075 1455 produxit,
1110 1394 1350 1454 quorum
1374 1375 1584 1436 ambitu
1616 1383 1902 1437 evaserat.

280 1461 387 1522 53.
438 1461 681 1535 Quietae
722 1461 795 1520 ad
837 1461 894 1521 id
925 1470 1151 1540 tempus
1196 1479 1292 1522 res
1339 1463 1397 1520 in
1427 1460 1729 1522 Germania
1770 1462 2028 1540 fuerant,
2073 1464 2157 1522 in-

162 1546 335 1624 genio
367 1544 605 1621 ducum,
650 1545 745 1622 qui
794 1546 1154 1624 pervulgatis
1194 1545 1460 1625 triumphi
1499 1545 1819 1624 insignibus
1857 1548 2038 1606 maius
2083 1563 2159 1606 ex

164 1646 231 1689 eo
257 1629 443 1689 decus
468 1628 801 1708 sperabant,
835 1630 883 1690 si
907 1646 1111 1709 pacem
1138 1630 1642 1692 continuavissent.
1700 1631 1970 1690 Paulinus
1992 1629 2156 1690 Pom·

161 1715 327 1793 peius
373 1721 433 1772 et
458 1711 521 1772 L.
555 1713 739 1771 Vetus
783 1731 853 1774 ea
895 1722 1237 1794 tempestate
1269 1717 1549 1775 exercitui
1581 1724 1908 1794 praeerant.
1967 1731 2041 1774 ne
2076 1723 2156 1774 ta-

159 1815 287 1856 men
338 1813 583 1874 segnem
626 1796 860 1858 militem
904 1799 1241 1877 attinerent,
1281 1799 1381 1858 ille
1419 1798 1746 1859 inchoatum
1788 1808 1916 1860 ante
1947 1807 2067 1859 tres
2090 1806 2156 1858 et
2181 1813 2208 1853 ⁵

162 1881 467 1958 sexaginta
500 1896 681 1948 annos
713 1899 745 1941 a
777 1881 967 1941 Druso
999 1901 1280 1960 aggerem
1303 1880 1632 1942 coercendo
1657 1880 1860 1942 Rheno
1886 1881 2157 1958 absolvit,

159 1967 348 2027 Vetus
386 1963 693 2026 Mosellam
738 1974 911 2045 atque
954 1963 1210 2027 Ararim
1250 1967 1403 2027 facta
1455 1965 1605 2025 inter
1649 1966 2160 2043 utrumque-fossa

163 2058 478 2127 conectere
533 2048 807 2129 parabat,
852 2058 915 2110 ut
956 2052 1163 2129 copiae
1210 2067 1318 2129 per
1357 2067 1548 2127 mare,
1601 2048 1730 2109 dein
1774 2047 2058 2108 Rhodano
2102 2057 2160 2107 et

160 2134 348 2195 Arare
382 2132 701 2194 subvectae
728 2151 837 2214 per
860 2152 986 2194 eam
1014 2134 1256 2210 fossam,
1293 2150 1429 2193 mox
1459 2132 1633 2192 fluvio
1655 2132 1904 2195 Mosella
1928 2135 1990 2197 in
2003 2131 2157 2193 Rhe-

162 2237 335 2295 num,
368 2220 521 2277 exim
562 2216 853 2279 Oceanum
896 2217 1303 2295 decurrerent,
1357 2216 1716 2296 sublatisque
1755 2218 1974 2278 itineris
2012 2216 2230 2276 disti-10

165 2300 473 2362 cultatibus
500 2301 854 2379 navigabilia
882 2304 1033 2362 inter
1073 2320 1139 2361 se
1174 2302 1492 2363 occidentis
1525 2303 2056 2380 septentrionisque
2092 2301 2156 2361 li-

160 2395 286 2446 tora
331 2384 559 2446 fierent.
628 2386 832 2447 invidit
878 2388 1044 2465 operi
1071 2386 1282 2447 Aelius
1308 2385 1551 2448 Gracilis
1586 2386 1864 2464 Belgicae
1907 2388 2162 2463 legatus,

160 2470 511 2530 deterrendo
543 2471 817 2531 Veterem
858 2488 931 2530 ne
971 2471 1244 2549 legiones
1285 2470 1508 2531 alienae
1542 2472 1878 2550 provinciae
1919 2469 2167 2530 inferret

163 2553 467 2632 studiaque
513 2551 823 2627 Galliarum
867 2554 1221 2632 adfectaret,
1261 2554 1694 2615 formidolosum
1733 2554 1791 2614 id
1826 2553 2162 2633 imperatori

162 2638 449 2716 dictitans,
484 2635 962 2718 quoplerumque
993 2639 1370 2719 prohibentur
1399 2646 1637 2699 conatus
1666 2638 1915 2698 honesti.
2177 2653 2230 2693 15

284 2722 388 2783 54.
426 2719 696 2800 Ceterum
720 2724 991 2784 continuo
1016 2724 1381 2783 exercituum
1405 2724 1524 2781 otio
1561 2722 1707 2783 fama
1747 2723 1990 2781 incessit
2031 2737 2158 2780 ere·
2194 2768 2213 2783 ,

162 2814 316 2885 ptum
362 2804 453 2864 ius
483 2805 695 2883 legatis
724 2806 970 2870 ducendi
1005 2808 1063 2867 in
1091 2807 1336 2867 hostem.
1394 2824 1586 2884 eoque
1615 2806 1786 2867 Frisii
1811 2808 2162 2867 iuventutem

164 2888 403 2950 saltibus
434 2899 529 2950 aut
558 2890 898 2970 paludibus,
938 2890 1214 2952 inbellem
1243 2899 1490 2951 aetatem
1518 2908 1626 2969 per
1655 2891 1818 2952 lacus
1847 2890 2161 2950 admovere

164 2977 668 3053 ripae.agrosque
711 2991 929 3035 vacuos
973 2984 1031 3035 et
1071 2975 1310 3035 militum
1354 2978 1480 3034 usui
1523 2978 1819 3055 sepositos
1863 2973 2158 3048 insedere,

164 3066 402 3118 auctore
439 3059 675 3119 Verrito
707 3067 766 3118 et
791 3058 1111 3136 Malorige,
1154 3060 1249 3137 qui
1275 3060 1563 3119 nationem
1590 3076 1718 3121 eam
1745 3057 2060 3137 regebant,
2099 3057 2158 3114 in
2181 3069 2211 3110 5

168 3152 430 3221 quantum
463 3141 728 3204 Germani
757 3152 1091 3221 regnantur.
1154 3146 1382 3219 iamque
1414 3144 1660 3203 fixerant
1686 3144 1907 3220 domos,
1943 3140 2160 3201 semina

164 3226 313 3285 arvis
359 3226 670 3287 intulerant
710 3235 889 3305 utque
932 3227 1177 3306 patrium
1219 3226 1406 3287 solum
1450 3227 1838 3303 exercebant,
1889 3244 2017 3287 cum
2043 3224 2159 3283 Du·

160 3309 291 3375 ,bins
330 3310 573 3387 Avitus,
634 3319 883 3390 accepta
937 3329 970 3371 a
1008 3309 1247 3371 Paulino
1294 3310 1626 3390 provincia,
1683 3310 1993 3372 minitando
2046 3310 2161 3368 vim

166 3392 509 3471 Romanam,
554 3394 664 3455 nisi
706 3395 1091 3459 abscederent
1130 3394 1304 3455 Frisii
1347 3403 1582 3455 veteres
1616 3398 1673 3455 in
1717 3396 1886 3456 locos
1921 3402 2017 3455 aut
2055 3408 2156 3453 no·
2233 3390 2242 3397 '

167 3496 293 3539 vam
328 3476 527 3537 sedem
558 3496 591 3538 a
624 3477 879 3541 Caesare
919 3481 1311 3561 inpetrarent,
1353 3479 1607 3558 perpulit
1634 3480 1922 3541 Verritum
1954 3487 2012 3539 et
2041 3476 2156 3539 Ma·
2179 3486 2234 3529 1⁰
