2475 4000
270 253 277 260 ,
332 193 455 256 266
845 203 1172 252 coaunnn
1199 203 1433 252 TACITI
1457 204 1826 252 ANNALIUM

281 383 308 420 ⁵
332 359 545 420 bellum
594 358 910 436 proferret,
955 367 1141 418 morte
1182 358 1504 437 prohibitus
1541 367 1660 435 est,
1701 376 1941 437 magna,
1983 359 2118 421 dum
2166 359 2346 438 vixit,

330 443 657 504 severitatis
688 441 873 519 fama,
906 444 1189 542 supremis
1216 446 1542 504 testamenti
1567 442 1764 503 verbis
1795 404 2124 506 ambitionis
2153 446 2346 504 mani-

328 527 543 586 festus:
598 526 815 606 quippe
868 527 1041 587 multa
1094 530 1153 587 in
1204 527 1500 588 Neronem
1549 527 1876 591 adulatione
1923 527 2144 590 addidit
2197 528 2344 588 sub-

204 655 213 660 ·
326 613 606 670 iacturum
645 611 698 670 ei
735 611 1089 688 provinciam
1130 610 1342 690 fuisse,
1391 614 1438 672 si
1485 610 1718 672 biennio
1759 613 2026 692 proximo
2057 613 2343 672 vixisset.

328 694 435 754 sed
482 702 598 754 tum
647 694 915 756 Paulinus
970 696 1280 756 Suetonius
1337 695 1634 759 obtinebat
1680 694 2019 773 Britannos,
2081 698 2344 756 scientia

259 796 309 836 10
316 772 563 838 militiae
606 787 664 837 et
702 796 931 841 rumore
974 779 1213 859 populi,
1265 781 1360 859 qui
1403 781 1700 850 neminem
1729 781 1852 842 sine
1899 780 2128 842 aemulo
2172 781 2340 856 sinit,

328 861 675 924 Corbulonis
700 871 1087 941 concertator,
1118 874 1510 943 receptaeque
1535 840 1843 925 Armeniae
1869 863 2051 926 decus
2072 881 2338 942 aequare

326 947 553 1006 domitis
585 945 981 1024 perduellibus
1014 949 1272 1026 cupiens.
1335 949 1508 1026 igitur
1537 944 1766 1010 Monam
1795 949 2068 1025 insulam,
2109 948 2336 1008 incolis

324 1030 569 1091 validam
600 1039 659 1090 et
687 1031 1119 1109 receptaculum
1156 1032 1560 1111 penfugarum,
1601 1031 1840 1110 adgredi
1875 1042 2074 1112 parat,
2113 1049 2336 1092 naves-

326 1133 437 1192 que
466 1114 780 1174 fabricatur
822 1114 996 1192 plano
1038 1116 1207 1175 alveo
1243 1115 1520 1176 adversus
1552 1115 1732 1176 breve
1765 1125 1825 1175 et
1863 1118 2166 1178 incertum.
2241 1118 2338 1176 sic

255 1216 303 1256 15
328 1197 537 1276 pedes,
584 1199 807 1275 equites
839 1199 987 1260 vado
1020 1201 1202 1260 secuti
1240 1211 1334 1262 aut
1367 1201 1604 1262 altiores
1647 1201 1794 1261 inter
1830 1200 2007 1260 undas
2043 1200 2336 1262 adnantes

324 1283 489 1361 equis
517 1284 839 1343 tramisere.

386 1367 553 1426 30.
600 1365 799 1426 Stabat
842 1384 951 1445 pro
992 1368 1163 1428 litore
1211 1369 1440 1429 diversa
1483 1370 1673 1443 acies,
1719 1367 1900 1428 densa
1941 1368 2113 1427 armis
2153 1368 2330 1426 viris·

324 1463 466 1525 que,
534 1451 1048 1513 intercursantibus
1098 1453 1354 1521 feminis;
1422 1453 1479 1511 in
1525 1452 1754 1512 modum
1806 1449 2101 1510 Furiarum
2152 1460 2334 1510 veste

252 1547 257 1554 ’
322 1530 519 1608 ferali,
560 1531 813 1590 crinibus
850 1533 1095 1603 deiectis
1129 1536 1296 1596 faces
1327 1535 1764 1615 praefer-chaun
1803 1533 2180 1612 Druidaeque
2216 1537 2334 1594 cir-

325 1633 482 1690 cum,
544 1631 759 1692 preces
806 1615 961 1678 diras
1009 1617 1249 1678 sublatis
1297 1619 1370 1680 ad
1415 1619 1636 1680 caelum
1683 1617 1942 1678 manibus
1994 1617 2332 1694 fundentes,
2359 1663 2374 1692 ,

273 1715 302 1753 5
328 1699 583 1758 novitate
628 1706 901 1777 aspectus
934 1701 1256 1779 ,perculere
1298 1703 1568 1780 militem,
1621 1713 1681 1762 ut
1733 1702 1896 1780 quasi
1947 1701 2337 1762 haerentibus

322 1780 595 1840 membris
635 1781 908 1844 inmobile
957 1803 1171 1864 eorpus
1209 1785 1544 1846 vulneribus
1593 1785 1958 1865 praeberent.
2041 1784 2180 1844 dein
2225 1803 2334 1845 co-

321 1865 739 1926 hortationibus
790 1867 949 1928 ducis
1000 1878 1059 1929 et
1108 1887 1172 1928 se
1226 1869 1338 1948 ipsi
1389 1869 1770 1944 stimulantes,
1817 1885 1893 1926 ne
1933 1867 2218 1928 muliebre
2267 1878 2336 1930 et

321 1949 627 2011 fanaticum
661 1967 889 2027 »agmen
946 1962 1364 2031 pavescerent,
1423 1953 1674 2013 inferunt
1729 1951 1895 2028 sigua
1943 1960 2334 2051 sternuntque

324 2034 529 2094 obvios
568 2044 625 2094 et
639 2035 775 2132 igni
808 2053 911 2095 suo
942 2037 1260 2099 involvunt.
1329 2037 1686 2116 praesidium
1719 2035 1966 2115 posthac
2005 2038 2332 2114 inpositum

251 2132 303 2172 10
324 2120 505 2177 victis
522 2119 821 2195 excisi-que
851 2119 966 2179 luci
994 2122 1187 2180 saevis
1216 2121 1717 2210 superstitionibus
1741 2120 1919 2179 sacri:
1955 2138 2080 2181 nam
2105 2136 2332 2181 cruore

325 2190 555 2279 captivo
594 2200 831 2261 adolere
875 2221 1006 2263 aras
1053 2214 1113 2264 et
1153 2198 1442 2265 hominum
1483 2204 1646 2285 fibris
1687 2202 1993 2265 consulere
2038 2202 2188 2265 deos
2233 2204 2334 2265 fas

319 2282 626 2342 habebant.
684 2283 831 2344 haec
852 2289 1047 2363 agenti
1071 2288 1348 2351 Suetonio
1378 2291 1676 2367 repentina
1699 2268 1956 2349 defectio
1978 2287 2326 2366 provinciae

316 2368 619 2427 nuntiatur.

444 2448 549 2511 31.
592 2452 727 2512 Rex
765 2451 1068 2513 Icenorum
1110 2454 1498 2532 Prasutagus,
1531 2455 1708 2554 lqnga
1761 2455 2056 2535 opulentia
2103 2454 2322 2530 clarus,

318 2533 631 2595 Caesarem
674 2534 949 2597 heredem
990 2537 1244 2617 duasque
1287 2539 1434 2599 filias
1475 2540 1823 2618 scripserat,
1847 2539 1978 2603 tali
2027 2537 2322 2616 obsequio

315 2627 471 2679 ratus
500 2638 857 2700 regnumque
900 2630 959 2681 et
988 2621 1212 2683 domum
1259 2641 1414 2683 suam
1453 2622 1660 2702 procul
1700 2624 1904 2683 iniuria
1947 2622 2098 2685 fore.
2158 2622 2326 2700 quod

320 2711 519 2761 contra
554 2707 755 2783 vertit,
802 2704 949 2765 adeo
983 2715 1041 2765 ut
1081 2724 1324 2783 regnum
1367 2724 1474 2786 per
1525 2708 1925 2783 centuriones,
1971 2707 2172 2767 domus
2205 2724 2324 2784 per

268 2807 294 2845 5
320 2804 527 2847 servos
560 2788 721 2849 velut
764 2799 934 2867 capta
965 2799 1344 2851 vastarentur.-
1415 2790 1526 2851 iam
1555 2792 1798 2869 primum
1832 2808 1980 2851 uxor
2009 2792 2136 2851 eius
2161 2788 2322 2851 Bou·

320 2869 485 2931 dicca
515 2872 856 2933 verberibus
887 2873 1115 2933 adfecta
1148 2882 1207 2934 et
1238 2874 1395 2935 filiae
1423 2882 1627 2952 stupro
1658 2874 1910 2935 violatae
1945 2884 2101 2937 sunt:
2145 2891 2320 2953 prae·

318 2954 473 3030 cipui
502 2957 713 3035 quique
740 2956 1075 3035 Icenorum,
1120 2960 1283 3037 quasi
1325 2966 1588 3019 cunctam
1625 2959 1930 3059 regionem
1959 2958 2181 3019 muneri
2219 2976 2322 3017 ac-

319 3038 642 3117 cepissent,
704 3040 874 3101 avitis
912 3040 1081 3103 bonis
1130 3050 1440 3119 exuuntur,
1494 3051 1550 3101 et
1596 3044 1906 3122 propinqui
1949 3043 2112 3119 regis
2163 3042 2320 3101 inter

315 3123 601 3200 mancipia
641 3121 1013 3182 habebantur.
1088 3143 1201 3225 qua
1250 3125 1595 3188 contumelia
1643 3135 1702 3186 et
1745 3133 1900 3187 metu
1953 3128 2320 3204 graviorum,

246 3220 299 3262 ιο
320 3205 546 3282 quando
578 3208 635 3265 in
667 3206 907 3266 formam
940 3211 1276 3285 provinciae
1307 3219 1640 3287 cesserant,
1675 3213 1904 3290 rapiunt
1931 3228 2124 3286 arma,
2158 3226 2316 3269 eom-

316 3291 485 3349 motis
534 3290 607 3351 ad
659 3289 1097 3352 rebellationem
1148 3292 1593 3355 Trinobantibus
1647 3304 1708 3355 et
1761 3296 1856 3373 qui
1915 3294 2010 3355 alii
2060 3292 2318 3353 nondum

315 3375 557 3433 servitio
598 3372 766 3433 fracti
811 3383 1105 3437 resumere
1157 3375 1478 3437 libertatem
1523 3378 1770 3439 occultis
1819 3376 2320 3439 coniurationibus

315 3456 688 3534 pepigerant,
724 3460 1007 3519 acerrimo
1040 3461 1098 3518 in
1128 3469 1438 3521 veteranos
1465 3459 1620 3522 odio.
1686 3464 1903 3542 quippe
1933 3464 1990 3521 in
2020 3462 2316 3523 coloniam

2473 2120 2475 2193 ἦ
