2475 4000
340 223 423 282 96
836 229 1164 277 CORNELH
1196 229 1432 276 TAcrrI
1465 229 1828 278 Amumtm

344 406 453 466 qua
484 393 825 463 tempestate
862 384 1046 459 Cotye
1080 383 1312 463 [fratre]
1339 384 1646 443 interfecto
1681 382 1892 470 bellum
1917 382 2210 442 adversus
2247 399 2380 440 nos

344 470 623 530 volverat.
676 470 849 545 igitur
879 487 1026 547 aqua
1056 479 1113 527 et
1153 469 1274 545 igni
1316 468 1676 527 interdictum
1715 485 1853 541 reo,
1899 467 2380 544 adpositumque

275 575 325 614 ιο
346 563 405 613 ut
436 562 728 614 teneretur
758 553 941 614 insula
970 571 1157 631 neque
1186 553 1566 613 Macedoniae
1593 569 1780 629 neque
1815 551 2138 610 Thraeciae
2169 566 2386 626 opor·

344 649 496 698 tuna.
554 655 682 698 nam
714 635 998 696 Thraecia
1030 637 1215 696 diviso
1245 637 1490 714 imperio
1527 639 1584 694 in
1613 634 2069 694 Rhoemetalcen
2103 642 2171 692 et
2205 633 2382 691 libe-

344 739 442 781 ros
475 719 708 797 Cotyis,
742 724 867 799 q-uis
898 721 972 779 ob
1001 721 1292 780 infantiam
1327 729 1480 780 tutor
1526 729 1650 779 erat
1691 717 2094 800 Trebellienus
2139 717 2384 792 Ruqu,

344 806 650 866 insolentia
690 807 870 864 nostri
913 804 1140 863 discors
1186 803 1397 881 agebat
1437 821 1627 881 neque
1669 805 1854 862 minus
1881 800 2386 863 Rhoemetalcen

346 908 511 968 quam
578 887 1003 948 Trebellienum
1064 890 1335 947 incusans
1392 884 1752 968 popularium
1828 887 2061 945 iniurias
2136 885 2381 943 inultas

276 992 327 1031 15
346 978 553 1035 sinere.
656 969 993 1031 Coelaletae
1044 970 1422 1050 Odrusaeque
1475 981 1536 1032 et
1583 970 1706 1048 Dii,
1771 970 1996 1030 validae
2057 970 2378 1044 nationes,

344 1076 497 1119 arma
524 1075 780 1134 cepere,
825 1055 1063 1116 ducibus
1090 1056 1338 1116 diversis
1369 1065 1426 1116 et
1457 1055 1688 1136 paribus
1729 1055 1877 1114 inter
1919 1073 1983 1114 se
2025 1071 2141 1131 per
2185 1054 2378 1130 igno-

343 1143 644 1208 bilitatem;
691 1157 837 1217 quae
876 1158 1050 1200 causa
1094 1141 1199 1201 fuit
1240 1159 1314 1200 ne
1358 1143 1414 1199 in
1451 1140 1664 1199 bellum
1705 1148 1874 1198 atrox
1917 1137 2378 1198 coalescerent.

345 1244 477 1304 pars
512 1223 739 1283 turbant
769 1226 1133 1301 praesentia,
1166 1225 1261 1284 alii
1303 1233 1553 1283 montem
1595 1223 1867 1282 Haemum
1911 1220 2378 1297 transgrediun-

344 1318 453 1382 tur,
484 1316 544 1365 ut
571 1317 829 1366 remotos
856 1308 1109 1408 populos
1142 1311 1466 1376 concirent:
1510 1308 1737 1387 plurimi
1781 1325 1850 1365 ae
1891 1307 2141 1365 maxime
2187 1323 2375 1364 com-

272 1407 323 1445 20
346 1392 519 1468 positi
550 1408 753 1466 regem
792 1387 1106 1469 urbemque
1142 1392 1621 1470 Philippopolim,
1653 1409 1684 1450 a
1713 1390 2038 1450 Macedone
2069 1387 2372 1467 Philippo

345 1476 529 1548 sitam,
566 1475 991 1533 circumsidunt.

455 1557 569 1619 39.
618 1557 779 1630 Quae
818 1556 915 1615 ubi
961 1558 1192 1634 cognita
1232 1557 1296 1617 P.
1330 1557 1578 1619 Vellaeo
1611 1559 1730 1635 (is'
1750 1559 2072 1636 proximum
2108 1559 2376 1616 exerci-

345 1652 460 1701 tum
500 1639 944 1718 praesidebat),
978 1640 1191 1700 alarios
1235 1643 1460 1720 equites
1505 1660 1574 1701 ac
1619 1641 1766 1702 levis
1815 1641 2140 1700 cohortium
2190 1643 2380 1700 mittit

346 1727 402 1783 in
432 1741 537 1782 eos
572 1725 667 1802 qui
717 1723 1106 1802 praedabundi
1147 1734 1244 1784 aut
1285 1724 1646 1784 adsumendis
1697 1725 1924 1784 auxiliis
1962 1723 2376 1802 vagabantur,

345 1809 470 1885 ipse
502 1808 679 1867 robur
714 1808 968 1886 peditum
1000 1808 1071 1868 ad
1115 1808 1530 1868 exsolvendum
1575 1808 1856 1868 obsidium
1900 1808 2073 1867 ducit.
2163 1809 2375 1868 simul·
2427 1850 2440 1858 =

294 1917 323 1955 5
350 1909 459 1969 que
503 1901 706 1951 cuneta
752 1910 1039 1971 prospere
1086 1901 1243 1966 acta,
1301 1891 1489 1951 caesis
1543 1892 1984 1970 populatoribus
2026 1901 2084 1950 et
2126 1892 2375 1952 dissen-

344 1978 509 2035 sione
542 1985 666 2036 orta
712 1975 860 2056 apud
904 1975 1238 2050 obsidentes
1280 1977 1558 2062 regisque
1611 1985 1895 2055 oportuna
1940 1977 2262 2054 eruptione
2313 1985 2377 2037 et

343 2059 589 2120 adventu
623 2060 890 2157 legionis.
956 2079 1145 2141 neque
1175 2064 1358 2121 aciem
1388 2071 1481 2120 aut
1514 2062 1790 2139 proelium
1825 2062 1937 2121 dici
1968 2060 2276 2137 decuerit,
2315 2064 2378 2119 in

344 2162 457 2221 quo
490 2146 753 2203 semermi
786 2163 855 2203 ac
884 2146 1145 2223 palantes
1178 2144 1441 2205 trucidati
1473 2156 1602 2205 sunt
1633 2147 1754 2205 sine
1796 2153 1998 2207 nostro
2040 2148 2374 2221 sanguim

468 2226 571 2285 40.
629 2226 852 2285 Eodem
894 2246 1042 2288 anno
1098 2228 1411 2289 Galliarum
1457 2230 1719 2289 civitates
1775 2228 1850 2289 ob
1901 2228 2378 2303 magnitudinem

341 2311 499 2368 aeris
532 2310 702 2369 alieni
739 2310 1117 2371 rebellionem
1152 2323 1529 2392 coeptavere,
1562 2315 1726 2373 cuius
1757 2311 2156 2372 exstimulatur
2187 2330 2374 2371 acer-

345 2396 527 2453 rimus
559 2394 706 2452 inter
735 2394 1029 2455 Treveros
1070 2396 1247 2455 Iulius
1279 2397 1522 2473 Florus,
1569 2396 1720 2475 apud
1750 2396 1989 2456 Aeduos
2025 2393 2206 2454 Iulius
2245 2396 2371 2454 Sa-

348 2473 559 2537 crovir.
625 2477 894 2540 nobilitas
932 2477 1209 2538 ambobus
1271 2489 1330 2538 et
1369 2484 1643 2540 maiorum
1699 2480 1852 2540 bona
1912 2480 2097 2555 facta,
2147 2494 2421 2555 eoque*

298 2559 608 2625 5Romana'
645 2563 844 2621 civitas
891 2562 1026 2621 olim
1068 2561 1229 2637 data,
1289 2581 1415 2622 cum
1469 2565 1528 2623 id
1582 2582 1772 2623 rarum
1825 2582 1935 2623 nec
1987 2564 2097 2621 nisi
2148 2564 2378 2622 virtuti

345 2647 589 2722 pretium
639 2656 812 2705 esset.
884 2647 924 2705 ii
978 2646 1225 2705 secretis
1283 2646 1640 2725 conloquiiS,
1693 2648 2058 2707 ferocissimo
2113 2664 2376 2723 quoque

346 2726 645 2828 adsumpto
698 2738 791 2787 aut
834 2730 1037 2806 quibus
1092 2728 1167 2789 ob
1215 2738 1536 2806 egestatem
1591 2751 1658 2792 ac
1709 2741 1918 2791 metum
1981 2749 2055 2789 ex
2114 2729 2374 2811 flagitiis

344 2815 587 2876 maxima
619 2810 901 2890 peccandi
932 2813 1323 2891 necessitudo,
1357 2825 1706 2915 componunt
1733 2814 1940 2875 Florus
1975 2806 2218 2891 Belgas,
2249 2816 2372 2875 Sa·

349 2899 541 2955 crovir
569 2897 880 2975 propiores
912 2896 1113 2956 Gallos
1156 2900 1406 2958 concire.
1479 2898 1652 2977 igitur
1702 2918 1807 2977 per
1859 2897 2254 2958 conciliabula
2308 2908 2378 2958 et

272 3004 327 3045 ιο
348 2988 551 3041 coetus
606 2978 879 3039 seditiosa
938 2980 1302 3040 disserebant
1363 2984 1434 3043 de
1499 2984 1926 3043 continuatione
1979 2977 2372 3060 tributorum,

344 3067 627 3141 gravitate
628 3041 935 3141 faenoris}
962 3066 1200 3125 saevitia
1232 3084 1302 3125 ac
1333 3067 1603 3144 superbia
1628 3066 2106 3161 praesidentium}
2140 3074 2204 3125 et
2241 3066 2372 3126 dis·

346 3148 586 3208 cordare
636 3147 871 3206 militem
922 3149 1114 3209 audito
1178 3149 1498 3210 Germanici
1551 3152 1745 3210 exitio,
1829 3152 2132 3227 egregium
2186 3169 2372 3211 resu-

342 3232 583 3292 mendae
615 3232 861 3291 libertati
890 3242 1115 3312 tempus
1136 3280 1154 3311 ,
1186 3236 1236 3293 si
1265 3236 1377 3313 ipsi
1409 3234 1715 3311 florentes,
1760 3251 1928 3312 quam
1957 3236 2127 3312 inops
2153 3232 2370 3311 Italia,

346 3333 510 3391 quam
543 3314 773 3376 inbellis
803 3316 1016 3378 urbana
1048 3317 1278 3397 plebes,
1315 3317 1454 3379 nihil
1489 3318 1733 3379 validum
1765 3319 1821 3377 in
1846 3317 2204 3379 exercitibus
2236 3321 2372 3380 nisi

270 3418 323 3460 15
348 3401 499 3474 quod
536 3407 848 3478 externum,
881 3404 1223 3479 cogitarent.
1287 3453 1296 3470 ,

466 3485 567 3541 41.
609 3483 769 3543 Haud
800 3486 981 3545 ferme
1012 3487 1131 3547 ulla
1161 3488 1366 3557 civitas
1391 3489 1601 3575 intacta
1631 3485 1942 3548 seminibus
1985 3488 2108 3547 eius
2151 3498 2368 3549 motus
