2475 4000
553 227 562 232 ’
632 253 1165 304 coquNrAnms
1197 257 1533 328 cameos.
1948 255 2125 302 xum

31 485 39 490 ᾖ
92 422 323 471 struere
364 414 641 482 fraudem,
688 412 928 468 Catullus
955 419 1053 482 21,
1098 416 1130 471 7
1171 413 1443 477 instruere
1486 414 1715 471 insidias
1761 409 1773 495 Ι
1820 423 1857 478 8
1888 415 2063 472 oblita
2110 406 2121 490 Ι

63 506 167 558 ,11
204 497 436 566 fuisset,
469 511 572 552 em.
604 496 657 551 Β
1450 485 1467 504 “

279 576 384 649 12,
441 583 474 640 7
519 581 657 635 exiit
698 586 807 634 tum
849 586 1042 636 senatu
1085 579 1164 634 L.-
1207 577 1433 634 exitium
1484 575 1697 634 senatui
1746 581 1756 652 Ι
1812 591 1877 641 11
1922 588 2119 652 tactas,
2157 575 2176 586 ”

95 665 236 736 sort.
265 679 336 718 ex
365 669 545 719 tactae
577 670 703 719 sunt
789 671 852 721 15
887 669 1146 734 praetura
1191 661 1520 716 Vertranius
1549 668 1608 716 et
1626 663 1701 716 L.-
1730 666 2075 733 praefectura
2106 659 2115 742 Ι

98 753 168 806 19
197 747 455 815 tyturium
473 788 490 816 ,
519 761 620 801 em.
653 747 706 801 Β
793 751 860 802 22
893 747 1158 815 mitigata.
1195 751 1376 800 tamen
1405 745 1495 800 Bz
1521 751 1574 800 et
1597 745 1741 799 Hm.-
1772 752 1947 802 tamen
1976 749 2119 803 miti-

93 836 226 900 gata
256 827 504 903 (tandem
535 830 783 899 mitigata
823 845 945 884 cnm
979 828 1232 906 Bekssero
1265 827 1347 897 N,
1378 831 1531 901 siqno
1554 829 1793 882 lacunae
1813 836 1938 884 ante
1958 846 2123 884 cunc-

94 914 202 968 tari
225 909 468 986 posito)
771 911 776 922 '

267 992 380 1065 13,
418 1001 671 1055 8'senatu
709 989 722 1074 Ι
757 1003 790 1057 9
828 995 1177 1052 incenderet«

265 1075 377 1148 14,
423 1086 450 1136 1
496 1080 698 1152 cupido
738 1079 812 1136 L.-
865 1079 1026 1149 eopia
1073 1074 1234 1150 (cura
1276 1074 1387 1151 al.)
1448 1070 1459 1155 Ι
1517 1085 1551 1137 3
1592 1083 1921 1134 concertare
1965 1073 2124 1145 equis

85 1163 308 1234 regium
348 1162 489 1217 Hm.-
531 1179 652 1218 cum
695 1164 923 1219 celaret·
947 1161 1070 1230 quis
1112 1160 1329 1230 regium
1379 1158 1389 1234 Ι
1422 1167 1458 1218 4
1485 1168 1751 1217 memorat
1786 1152 1798 1238 Ι
1835 1165 1867 1219 7
1904 1175 2123 1223 nomen,

85 1260 192 1300 em.
222 1245 280 1300 Β
319 1245 329 1314 Ι
368 1251 403 1305 8
434 1252 719 1316 utrumque
747 1247 878 1300 mal.
901 1243 956 1297 L
973 1243 1333 1314 probabiliter
1704 1283 1709 1296 .

195 1339 226 1366 Γ
265 1324 377 1398 15,
421 1335 454 1386 2
482 1329 835 1399 iuuenilium,
867 1343 970 1383 em.
1004 1325 1092 1380 Pu
1138 1318 1153 1403 Ι
1201 1334 1234 1384 5
1262 1332 1549 1399 motusque
1572 1328 1639 1383 H
1676 1326 1689 1400 Ι
1744 1333 1811 1386 14
1837 1331 2121 1397 postremo

83 1413 131 1467 L
169 1409 182 1489 Ι
227 1421 294 1470 15
331 1413 632 1482 phonascis
661 1411 729 1466 M
739 1437 754 1467 .-
787 1412 962 1468 facies
999 1402 1010 1481 Ι
1051 1415 1116 1468 16
1147 1409 1651 1482 abscisserat,'em.
1679 1412 1728 1467 L
1762 1405 1774 1487 Ι
1812 1416 1879 1470 18
1907 1424 2121 1479 cogno-

83 1495 308 1564 mentfi,
354 1509 455 1549 em.
499 1493 619 1556 Pu,-
659 1495 718 1550 in
747 1499 1166 1566 cognomentum
1207 1495 1400 1550 Wurm
1426 1495 1583 1550 haud
1616 1497 1729 1550 scio
1766 1511 1842 1550 an
1869 1494 2071 1548 rectius
2105 1485 2114 1566 Ι

84 1584 583 1648 augusttanorum,
615 1593 716 1632 em.
748 1579 808 1633 N
838 1570 849 1656 Ι
889 1585 952 1638 19
979 1593 1080 1649 spe
1110 1573 1259 1651 (sine
1286 1575 1376 1652 in)
1404 1579 1497 1649 M,
1530 1581 1587 1636 in
1619 1595 1772 1651 spem
1797 1579 1846 1632 A

268 1656 376 1731 16,
420 1669 454 1720 3
482 1653 779 1718 ποιοῖ-ηας
811 1663 952 1717 Hm.-
993 1659 1188 1717 aetatis
1229 1656 1240 1738 Ι
1276 1664 1332 1718 hi
1364 1665 1543 1719 cenati
1574 1665 1691 1719 He.-
1724 1661 1867 1718 natis
1908 1653 1915 1736 Ι
1954 1665 1989 1717 4
2017 1660 2114 1713 ab·
2216 1691 2223 1699 ι

83 1746 233 1801 latos
293 1737 305 1816 Ι
351 1751 381 1805 7
431 1761 533 1800 nec
563 1752 756 1801 tenore
788 1762 896 1801 uno
926 1746 976 1800 A
1023 1737 1034 1822 Ι
1082 1751 1116 1803 8
1147 1745 1464 1802 discordiae
1497 1753 1783 1815 rueretur,
1814 1759 1917 1799 em.
1942 1743 2029 1798 Bz
2066 1750 2118 1801 et

85 1828 334 1901 Spenyel

263 1909 370 1983 17,
415 1919 443 1971 1
473 1913 633 1969 initio
669 1913 746 1968 E.-
791 1910 1026 1968 intentio
1062 1903 1077 1987 Ι
1115 1917 1148 1970 3
1183 1910 1537 1982 libidineius,
1570 1926 1673 1966 em.
1707 1911 1755 1966 L
1806 1906 1813 1987 Ι
1862 1916 1898 1968 4
1932 1911 2114 1964 inces-

82 2002 282 2068 sente,
315 2012 416 2051 em.
448 1995 522 2063 L,
560 1999 882 2068 ingerentes
913 1994 1005 2051 He
1322 1996 1341 2005 ‘
1418 2059 1425 2068 ¹

263 2076 377 2149 18,
421 2085 454 2138 6
497 2082 752 2150 habitos,
787 2095 892 2135 em.
924 2078 1012 2145 H,
1052 2082 1112 2131 ut
1149 2080 1272 2131 item
1312 2076 1493 2133 avitus
1539 2082 1591 2132 et
1621 2076 1839 2137 habitus
1883 2073 2115 2145 confusa

78 2170 212 2216 sunt
248 2171 307 2219 11
330 2202 346 2229 ,
391 2168 490 2225 353
535 2152 630 2232 13,
657 2169 728 2222 34
753 2170 805 2218 et
829 2168 927 2225 563
975 2160 1102 2216 add.
1133 2162 1337 2217 habeat
1368 2176 1479 2232 pro
1509 2161 1710 2216 auebat
1742 2168 1842 2229 ll,
1876 2167 1944 2218 10
1992 2157 2002 2229 Ι
2050 2164 2113 2215 11

79 2245 252 2299 Nero,
273 2243 354 2295 P.-
383 2246 452 2303 ne
489 2238 500 2320 Ι
540 2248 605 2301 12
626 2246 918 2317 rescripsit
945 2244 1061 2299 He.-
1095 2243 1322 2315 scripsit

263 2320 378 2393 20,
427 2333 454 2382 1
497 2333 692 2397 quarto
754 2322 766 2403 Ι
819 2334 851 2388 7
888 2344 957 2383 ne
999 2326 1148 2383 Med.
1191 2334 1317 2383 ante
1349 2328 1789 2399 spectaculorum
1817 2327 1976 2382 habet
2022 2318 2029 2403 Ι
2082 2331 2114 2386 9
2228 2388 2240 2395 ,

86 2412 290 2466 ederet
330 2408 434 2463 Re.-
475 2406 700 2464 sederet
737 2408 1060 2484 (praetores
1104 2411 1337 2466 ederent
1362 2408 1439 2483 L)
1487 2405 1497 2488 Ι
1550 2419 1611 2469 11
1644 2412 1785 2465 verti
1815 2412 1865 2465 A
1900 2403 1911 2485 Ι
1960 2415 2027 2468 16
2056 2414 2115 2463 ut

85 2495 220 2548 add.
254 2493 304 2547 A
341 2487 352 2571 Ι
390 2496 453 2550 17
491 2494 616 2563 quis
653 2487 664 2568 Ι
703 2500 768 2552 19
799 2510 866 2548 an
897 2495 1040 2550 iusta
1072 2495 1269 2565 augeri
1300 2494 1377 2565 L,
1424 2510 1495 2551 an
1534 2494 1677 2549 iusta
1712 2493 1929 2563 augurii
1958 2492 2038 2546 Ra·
2065 2496 2117 2545 et

99 2578 202 2645 W,
235 2576 335 2631 alii
371 2577 513 2641 alia,
553 2576 653 2629 sed
691 2590 860 2647 aeque
884 2578 1281 2648 =inpr0babilia.
1365 2576 1587 2633 Videtur
1632 2576 1787 2631 aliud
1823 2576 2111 2630 subiectum

89 2660 472 2724 antecessisse,
499 2663 561 2714 ul
581 2660 756 2713 conici
775 2666 952 2729 potest
973 2676 1046 2717 ex
1067 2663 1395 2732 praedicato
1418 2660 1772 2732 expleturos,
1802 2659 1948 2731 quod
1964 2673 2115 2713 nunc

90 2744 274 2799 vitiose
303 2758 426 2798 cum
461 2734 720 2799 decurias
752 2744 990 2797 iunctum
1011 2750 1107 2802 est.
1149 2740 1158 2821 Ι
1194 2752 1264 2805 23
1294 2744 1617 2816 conceperit
1643 2743 1693 2797 A

261 2822 374 2896 21,
421 2833 488 2885 lo
515 2840 582 2882 ac
610 2832 919 2882 strueretur
957 2823 965 2900 Ι
1007 2833 1071 2886 12
1105 2842 1138 2883 a
1167 2830 1297 2883 add.
1330 2828 1383 2883 Β
1420 2822 1429 2905 Ι
1472 2831 1535 2886 17
1564 2827 1735 2882 totius
1760 2826 1835 2881 L.-
1881 2824 2068 2896 potius
2101 2816 2109 2899 Ι

95 2914 158 2967 19
186 2911 417 2980 transit,
449 2925 550 2965 em.
581 2909 628 2964 L
679 2909 690 2978 Ι
737 2915 806 2968 23
840 2910 964 2978 quis
1002 2912 1323 2967 Groslotius:
1366 2922 1475 2981 quo
1507 2908 1649 2984 (quo
1684 2910 1847 2966 modo
1878 2905 1959 2981 P)
1998 2906 2009 2979 Ι
2046 2914 2115 2966 24
2196 2932 2205 2953 τ
2248 2880 2259 2893 Ι

95 2989 198 3047 iam
231 2994 598 3049 exoleverunt
637 2992 854 3050 Urlichs

261 3072 376 3145 22,
417 3082 452 3133 2
482 3077 674 3148 regnis
703 3078 934 3149 Bentley
971 3070 982 3153 Ι
1031 3081 1066 3133 4
1095 3076 1482 3133 celebrabatur
1510 3077 1580 3131 M
1610 3070 1623 3153 Ι
1658 3083 1694 3135 8
1726 3074 2111 3149 interpretatio

99 3154 214 3212 Pu.-
257 3160 464 3217 interra
494 3166 551 3215 et
582 3162 696 3217 atio
736 3152 746 3240 Ι
779 3168 814 3221 9
843 3160 914 3217 i·
934 3160 1066 3216 villa
1095 3160 1224 3214 add.
1262 3162 1343 3213 Bz
1379 3162 1499 3216 coll.
1526 3166 1593 3230 4,
1624 3168 1723 3223 593
1774 3167 1841 3230 6,
1873 3168 1974 3231 50,
2009 3160 2117 3213 nisi

89 3244 272 3308 potius
309 3258 432 3298 cum
465 3242 510 3298 G·
541 3244 885 3301 scribendum
919 3251 1042 3299 erat
1069 3244 1196 3301 loco
1231 3244 1602 3314 Sublaqueum
1642 3261 1836 3300 nomen
1871 3250 1955 3298 est
1988 3238 2117 3314 (aut

101 3337 218 3379 cum
242 3325 307 3381 H
327 3327 497 3383 villae
527 3327 581 3382 S.
615 3344 810 3383 nomen
840 3325 989 3400 est),
1021 3334 1079 3381 ut
1108 3329 1333 3397 saepius
1367 3326 1584 3381 Tacitus
1625 3328 1791 3397 dixit,
1831 3344 1876 3381 v.
1920 3327 2111 3381 Wurm

99 3406 154 3459 in
180 3408 368 3464 Philol.
392 3408 512 3477 IX,
547 3417 664 3470 103.
743 3412 819 3467 De
846 3413 1166 3467 coniecturis
1199 3410 1324 3480 quis
1357 3416 1408 3464 et
1434 3428 1464 3466 a
1498 3410 1620 3480 quis
1652 3406 1785 3483 (pro
1815 3405 1935 3481 cui)
1968 3416 2113 3465 recte

103 3489 350 3547 iudicavit
394 3492 607 3548 Urlichs
639 3496 696 3549 in
729 3512 852 3551 nou.
875 3512 1009 3549 ann.
1037 3494 1173 3571 plqu.
1205 3501 1258 3550 et
1283 3511 1349 3565 p.
1383 3496 1485 3551 vol.
1518 3500 1585 3553 69
1604 3534 1620 3565 ‚
1652 3499 1751 3555 307
1790 3487 1801 3574 Ι
1842 3502 1907 3555 14
1936 3494 2111 3566 quieti
2226 3544 2231 3550 .
