2475 4000
775 186 983 231 LIBER
1009 188 1056 233 ι.
1089 188 1241 233 CAP.
1264 186 1505 239 72—76.
2101 176 2181 237 37

174 357 366 420 quam
396 346 599 417 postea
631 335 924 397 celebrem
953 338 1216 397 miseriae
1241 347 1561 417 temporum
1588 352 1647 402 et
1684 320 1957 404 audaciae
1999 342 2207 402 homi-.

60 422 66 427 ’
173 442 328 483 ιιιιιιι
364 422 643 482 iecerunt.
720 439 849 480 nam
892 438 1110 498 egens,
1149 423 1414 499 ignotus,
1465 424 1715 502 inquies,
1762 427 1888 487 dum
1930 428 2225 495 occultiss

174 505 406 567 libellis
454 506 732 565 saevitiae
779 505 1062 583 principis
1109 504 1363 583 adrepit,
1420 521 1553 564 mox
1606 506 1917 569 clarissimo
1968 514 2177 612 cuique

177 590 510 671 periculum
533 589 804 665 facessit,
837 586 1152 667 potentiam
1185 587 1338 667 apud
1370 606 1567 665 unum,
1601 589 1786 668 odium
1816 594 1962 671 apud
1995 597 2177 655 omnis

178 674 430 753 adeptus
462 673 616 733 dedit
647 673 1003 758 exemplum,
1041 672 1193 751 quod
1229 674 1413 731 secuti
1454 690 1529 732 ex
1550 633 1917 752 pauperibus
1948 676 2174 753 divites,

181 777 269 818 ex
310 757 652 837 contemptis
693 751 976 815 metuendi
1025 756 1344 834 perniciem
1387 756 1515 816 aliis
1568 774 1640 816 ac
1679 766 2025 836 postremum
2070 762 2177 821 sibi

170 845 482 901 invenere.
550 840 656 899 sed
697 840 1032 903 Marcellum
1083 839 1447 900 insimulabat
1505 840 1773 900 sinistros
1826 839 1899 899 de
1949 840 2173 903 Tiberio
2195 856 2244 897 ιο

165 942 488 985 sermones
525 924 817 1001 habuisse,
849 908 1179 984 inevitabile
1216 926 1452 1000 crimen,
1486 942 1611 985 cum
1644 942 1722 984 ex
1750 922 2007 983 moribus
2028 926 2176 1002 prin-

103 1056 110 1067 .
165 1010 330 1088 cipis
379 1008 717 1068 foedissima
763 1024 1024 1087 quaeque
1067 1008 1357 1084 deligeret
1402 1016 1705 1069 accusator
1741 1007 2179 1087 obiectaretque

160 1111 307 1153 reo,
376 1110 504 1153 uam
536 1093 668 1170 quia
705 1110 844 1151 vera
887 1100 1082 1167 eraut,
1114 1094 1285 1151 etiam
1316 1090 1465 1151 dicta
1507 1091 1912 1152 credebantur.
1972 1090 2181 1151 addidit

159 1178 393 1264 Hispo
397 1184 638 1237 statuam
666 1174 928 1243 Marcelli
956 1174 1124 1234 altius
1158 1192 1341 1253 quam
1375 1174 1687 1235 Caesarum
1720 1177 1917 1253 sitam,
1964 1182 2023 1234 et
2070 1174 2181 1234 alia

158 1264 226 1321 in
275 1241 464 1319 stat‘ua
509 1262 798 1338 amputato
841 1260 1032 1337 capite
1071 1257 1319 1335 Augusti
1364 1258 1619 1335 effigiem
1660 1259 1877 1319 Tiberii
1926 1257 2249 1317 inditam.1⁵

161 1345 246 1405 ad
287 1343 444 1422 quod
475 1345 694 1403 exarsit
727 1341 904 1417 adeo,
945 1350 1007 1400 ut
1047 1352 1213 1420 rupta
1256 1344 1640 1403 taciturnitate
1683 1344 2071 1423 proclamaret
2112 1360 2177 1401 se

163 1445 417 1524 quoque
450 1428 508 1485 iu
538 1445 607 1486 ea
641 1444 814 1485 causa
844 1426 1083 1485 laturum
1113 1428 1453 1486 sententiam
1477 1428 1664 1505 palam
1687 1436 1746 1487 et
1767 1429 2027 1503 iuratum,
2060 1442 2175 1504 quo

165 1512 398 1571 ceteris
431 1509 632 1569 eadem
661 1508 979 1569 necessitas
1011 1510 1192 1569 fieret
1252 1510 1557 1571 manebant
1590 1513 1759 1572 etiam
1786 1519 1902 1571 tum
1927 1512 2175 1587 vestigia

161 1594 504 1655 morientis
490 1592 809 1653 libertatis.
888 1594 1061 1671 igitur
1085 1591 1189 1653 Cn.
1218 1594 1413 1655 Piso
1429 1598 1577 1673 quo'
1608 1596 1791 1676 inquit
1834 1595 2009 1655 ‘loco
2042 1611 2173 1653 cen-

162 1678 362 1754 sebiS,
395 1675 654 1737 Caesar?
685 1678 734 1737 si
755 1679 990 1757 primus,
1027 1676 1257 1738 habebo
1280 1678 1438 1757 quod
1465 1696 1705 1757 sequar:
1741 1680 1790 1738 si
1815 1687 1952 1758 post
1970 1678 2171 1755 omnis,
2192 1698 2244 1739 ιο
2282 1688 2289 1703 “

159 1777 393 1823 vereor
432 1780 506 1821 ne
547 1762 857 1841 inprudens
890 1760 1265 1821 dissentiam?
1334 1772 1626 1842 permotus
1668 1764 1793 1838 hie,
1845 1770 2175 1841 quantoque

157 1847 484 1906 incautius
499 1846 841 1921 efferverat,
887 1847 1235 1928 paenitentia
1274 1850 1507 1944 patiens
1562 1846 1689 1905 tulit
1742 1845 1967 1905 absolvi
2014 1862 2176 1907 reum

161 1928 505 1991 criminibus
547 1932 892 2002 maiestatis:
937 1930 1008 1989 de
1055 1931 1320 2008 pecuniis
1350 1927 1685 2008 repetundis
1719 1928 1789 1986 ad
1820 1931 2173 2007 reciperato-

156 2034 269 2074 res
303 2017 441 2074 itum
475 2024 757 2074 est..
825 2032 834 2042 ·

303 2099 406 2156 75.
450 2097 576 2156 Nec
603 2107 825 2176 patrum
859 2095 1291 2173 cognitionibus
1334 2095 1569 2154 satiatus
1614 2092 1837 2154 iudiciis
1879 2092 2177 2153 adsidebat

158 2185 228 2240 in
257 2196 443 2238 cornu
483 2179 820 2255 tribunalis,
857 2197 932 2237 ne
978 2189 1309 2258 praetorem
1354 2177 1535 2238 curuli
1568 2177 1929 2278 ‘depellerem
1976 2177 2173 2237 multa-

143 2271 296 2342 'que
340 2277 412 2319 eo
445 2277 636 2321 coram
671 2262 954 2323 adversus
982 2262 1259 2322 ambitum
1276 2271 1334 2323 et
1364 2264 1677 2341 potentium
1709 2281 1921 2340 preces
1963 2262 2171 2324 consti-

160 2354 317 2406 tuta.
401 2353 490 2403 set
547 2345 673 2403 dum
715 2346 944 2405 veritati
992 2347 1341 2424 consulitur,
1395 2346 2189 2426 libertas'corrumpebatur:

160 2431 328 2490 inter
357 2427 506 2506 quae
538 2427 671 2488 Pius
702 2427 974 2488 Aurelius
1007 2438 1246 2489 senator
1274 2440 1509 2509 questus
1541 2430 1697 2489 mole
1738 2430 2003 2507 publicae
2044 2431 2172 2488 viae
2194 2459 2219 2497 5
2297 2427 2313 2442 “

163 2515 466 2592 ductuque
505 2529 775 2590 aquarum
803 2512 1120 2574 labefactas
1159 2513 1317 2574 aedis
1354 2531 1509 2588 suas,
1550 2513 1818 2572 auxilium
1846 2523 2066 2591 patrum
2094 2512 2173 2570 in·

163 2595 446 2658 vocabat.
509 2595 910 2656 resistentibus
969 2598 1176 2658 aerarii
1231 2596 1595 2677 praetoribus
1649 2595 1915 2655 subvenit
1958 2594 2176 2655 Caesar

167 2683 539 2760 pretiumque
581 2679 805 2740 aedium
854 2680 1094 2741 Aurelio
1133 2682 1359 2758 tribuit,
1405 2680 1735 2757 erogandae
1781 2697 1890 2760 per
1932 2671 2175 2738 honesta

165 2766 462 2843 pecuniae
505 2764 778 2843 cupiens,
825 2783 991 2843 quam
1029 2766 1293 2826 virtutem
1334 2765 1427 2824 diu
1464 2765 1725 2841 retinuit,
1778 2781 1906 2824 cum
1948 2771 2175 2836 ceteras

167 2858 440 2908 exueret.
506 2848 816 2928 Propertio
850 2846 1046 2908 Celeri
1072 2851 1390 2928 praetorio,
1424 2849 1648 2908 veniam
1684 2848 1901 2909 ordinis
1926 2846 2013 2908 ob
2038 2864 2188 2927 pau·
2193 2871 2244 2912 ιο

169 2940 461 3012 pertatem
500 2933 752 3013 petenti,
785 2930 1024 2992 deciens
1053 2935 1381 2993 sestertium
1424 2933 1665 3010 largitus
1706 2942 1829 3010 est,
1866 2933 2007 2992 satis
2038 2947 2173 2988 con-

171 3025 346 3094 perto
401 3026 670 3096 paternas
715 3017 781 3075 ei
824 3017 1120 3093 angustias
1163 3035 1317 3076 esse.
1393 3012 1722 3096 temptantis
1780 3013 2005 3076 eadem
2030 3013 2175 3073 alios

171 3099 430 3178 probare
465 3118 694 3160 causam
721 3100 944 3160 senatui
965 3101 1146 3176 iussit,
1181 3101 1449 3186 cupidine
1474 3103 1801 3162 severitatis
1829 3101 1980 3159 iniis
2006 3099 2175 3157 etiam
2250 3114 2261 3120 ·

172 3199 326 3260 quae
359 3185 466 3243 rite
500 3185 724 3244 faceret
758 3182 1024 3246 acerbus.
1083 3183 1233 3244 unde
1284 3187 1467 3244 ceteri
1520 3185 1806 3245 silentium
1838 3193 1897 3244 et
1926 3199 2171 3262 pauper-

171 3273 350 3326 tatem
385 3268 736 3329 confessioni
767 3277 826 3328 et
862 3267 1148 3329 beneficio
1178 3285 1599 3348 praeposuere.
2190 3285 2239 3325 15

303 3351 403 3412 76.
447 3350 671 3412 Eodem
699 3367 849 3413 anno
861 3354 1168 3429 continuis
1197 3351 1474 3413 imbribus
1508 3360 1703 3412 auctus
1734 3349 1961 3412 Tiberis
2002 3349 2173 3430 plana

171 3432 336 3492 urbis
365 3443 764 3512 stagnaverat;
794 3412 1150 3498 relabentem
1179 3446 1379 3498 secuta
1412 3445 1499 3496 est
1542 3435 1938 3538 alediiiciorum·
1966 3444 2025 3496 et
2066 3435 2167 3494 ho-

1278 3733 1289 3762 Ι
