2475 4000
324 167 404 232 38
723 165 727 169 ’
830 174 1161 224 οοΒΝΕιΠ
1182 174 1417 222 ucrrr
1439 174 1804 222 ANNALIUM
1889 141 1900 145 ’

266 363 277 378 ¹
323 335 530 396 minum
562 340 812 407 strages.
874 330 1047 406 igitur
1084 330 1308 388 censuit
1345 329 1577 389 Asinius
1609 328 1804 389 Gallus
1851 291 1910 388 ut
1953 329 2084 389 libri
2126 330 2340 390 Sibul-

324 419 422 479 lini
466 415 771 475 adirentur.
836 412 1021 473 renuit
1072 412 1369 490 Tiberius,
1415 412 1653 492 perinde
1713 412 1902 472 divina
1955 413 2342 493 humanaque
2445 433 2447 472 1

280 517 305 556 5
330 500 643 575 obtegens;
690 496 793 558 sed
833 495 1144 557 remedium
1194 496 1504 556 coercendi
1549 496 1791 556 fluminis
1832 495 2004 557 Ateio
2049 497 2346 578 Capitoni

246 619 259 632 s
324 595 380 645 et
424 583 488 644 L.
532 582 805 642 Arruntio
850 579 1186 640 mandatum.
1259 580 1548 640 Achaiam
1590 598 1660 640 ac
1700 576 2095 641 Macedoniam
2135 599 2344 642 onera

324 666 689 746 deprecantis
718 665 899 725 levari
927 664 985 722 in
1013 681 1296 759 praesens
1330 663 1730 742 proconsulari
1775 666 2016 744 imperio
2050 665 2340 744 tradique
2447 669 2449 682 ³

231 799 237 808 ‚
326 751 561 812 Caesari
593 749 827 829 pla-cuit.
891 740 1129 807 edendis
1164 746 1612 824 gladiatoribus,
1659 765 1802 826 quos
1837 748 2162 808 Germanici·
2202 747 2342 810 fra-¹

307 833 425 896 'tris
464 852 533 895 ac
580 836 682 893 'suo
730 832 956 892 nomine
1006 829 1319 908 obtulerat,
1365 821 1586 890 Drusus
1633 831 1944 910 praesedit,
1978 850 2342 911 quamquam
2449 867 2451 910 3

258 942 306 984 10
326 920 420 979 vili
456 919 732 994 sanguine
768 915 931 976 nimis
966 914 1257 990 gaudens3
1291 913 1444 991 quod
1469 915 1534 974 in
1562 914 1768 990 vulgus
1792 915 2234 977 formidolosum
2271 927 2344 976 et

326 1011 489 1082 pater
540 1001 802 1078 arguisse
855 997 1171 1058 dicebatur.
1240 1016 1346 1059 cur
1389 997 1722 1060 abstinuerit
1776 1000 2113 1078 spectaculo
2163 1003 2336 1078 ipse,

324 1089 481 1147 varie
516 1084 847 1152 trahebant;
881 1081 980 1142 alii
1017 1081 1205 1142 taedio
1235 1090 1460 1158 coetus,
1488 1082 1712 1160 quidam
1741 1084 1964 1143 tristitia
1996 1085 2216 1160 ingenii
2269 1094 2342 1143 et
2451 1085 2453 1156 ἶ

322 1179 474 1231 metu
516 1167 979 1247 conparationis,
1024 1167 1157 1245 quia
1185 1165 1481 1244 Augustus
1507 1167 2144 1240 comiter-..interfuisset
2203 1187 2338 1228 non

306 1252 663 1315 'crediderim
714 1250 784 1310 ad
835 1250 1229 1310 ostentandam
1287 1251 1582 1328 saevitiam
1629 1249 2062 1329 movendasque
2116 1253 2338 1330 populi

257 1360 305 1400 15
324 1337 673 1397 offensiones
701 1352 1037 1395 concessam
1064 1334 1180 1393 filio
1221 1334 1548 1410 materiem,
1588 1351 1924 1412 quamquam
1975 1334 2029 1394 id
2079 1352 2336 1413 quoque

323 1421 529 1480 dictum
570 1425 677 1478 est.
2143 1477 2168 1484 ,

448 1504 547 1561 77.
590 1499 667 1560 At
694 1499 900 1559 theatri
928 1492 1180 1575 licentia,
1211 1502 1478 1578 proximo
1509 1502 1704 1582 priore
1738 1519 1886 1562 anno
1915 1510 2150 1580 coepta,
2185 1520 2332 1578 gra·

325 1589 451 1646 vius
479 1594 594 1645 tum
638 1585 857 1662 erupit,
900 1580 1111 1642 occisis
1156 1601 1273 1643 non
1317 1584 1488 1644 modo
1530 1603 1563 1644 e
1612 1585 1788 1665 plebe
1815 1595 1905 1644 set
1943 1585 2216 1645 militibus
2267 1594 2334 1644 et

327 1671 695 1743 centurione,
726 1667 1022 1727 vulnerato
1053 1666 1279 1726 tribuno
1313 1669 1959 1745 praetoriaecobortis,
1982 1707 1986 1710 -
2007 1669 2137 1729 dum
2182 1687 2328 1747 pro-

325 1755 428 1814 bra
466 1753 524 1811 in
568 1753 933 1827 magistratus
976 1759 1035 1809 et
1080 1749 1501 1812 dissensionem
1540 1753 1699 1829 vulgi
1728 1751 2054 1832 prohibent.
2129 1761 2330 1812 actum

280 1857 305 1896 5
325 1838 397 1898 de
429 1855 498 1895 ea
520 1835 801 1896 seditione
826 1835 975 1916 apud
1003 1844 1199 1912 patres
1223 1834 1671 1917 dicebanturque
1699 1838 2037 1912 sententiae,
2063 1845 2123 1895 ut
2145 1853 2330 1914 prae·

234 1930 245 1936 “
324 1920 543 1982 toribus
572 1921 660 1980 ius
690 1921 979 1996 virgarum
1008 1921 1067 1977 iu
1096 1919 1406 1983 histriones
1448 1925 1624 1980 esset.
1683 1922 2013 1986 intercessit
2045 1919 2328 1980 Haterius

322 2007 585 2085 Agrippa
631 2006 888 2065 tribunus
930 2004 1124 2084 plebei
1172 2004 1601 2084 increpitusque
1643 2014 1732 2065 est
1773 2005 1956 2065 Asinii
1987 2004 2137 2065 Galli
2187 2022 2324 2064 ora-

321 2092 501 2165 tione,
534 2090 741 2149 silente
764 2087 1019 2164 Tiberio,
1056 2090 1149 2167 qui
1176 2107 1246 2148 ea
1269 2088 1570 2149 simulacra
1588 2088 1870 2149 libertatis
1897 2089 2118 2149 senatui
2142 2106 2325 2165 prae-

324 2173 516 2233 bebat.
582 2170 761 2231 valuit
782 2180 971 2230 tamen
998 2173 1379 2249 intercessiO,
1413 2174 1544 2252 quia
1579 2172 1740 2232 divus
1774 2172 2072 2249 Augustus
2117 2173 2323 2231 immu-

248 2261 307 2315 ἰο
325 2263 429 2315 nes
452 2253 759 2313 verberum
787 2252 1102 2313 histriones
1134 2256 1416 2333 quondam
1438 2257 1837 2336 responderat,
1874 2274 2064 2334 neque
2091 2255 2183 2315 fas
2219 2255 2320 2315 Ti·

323 2339 487 2399 berio
509 2338 824 2413 infringere
849 2336 999 2397 dicta
1024 2340 1163 2396 eius.
1224 2339 1296 2399 de
1319 2341 1486 2400 modo
1512 2340 1733 2401 lucaris·
1753 2348 1810 2400 et
1840 2340 2116 2403 adversus
2140 2339 2319 2398 lasci·-

323 2423 473 2482 viam
505 2422 784 2482 fautorum
814 2419 985 2480 multa
1016 2420 1428 2493 decernuntur-3
1478 2442 1552 2482 ex
1597 2426 1722 2502 quis
1762 2423 2006 2483 maxime
2043 2424 2319 2499 insignia,

324 2525 395 2567 ne
427 2500 630 2566 domos*
660 2506 1129 2584 pantomimorum
1161 2516 1394 2565 senator
1425 2507 1702 2582 introiret,
1733 2525 1805 2567 ne
1841 2506 2212 2584 egredientes
2255 2508 2324 2565 in

325 2589 613 2671 publicum
642 2591 864 2667 equites
893 2588 1135 2649 Romani
1169 2590 1471 2666 cingerent
1505 2599 1598 2649 aut
1625 2590 1762 2650 alibi
1793 2609 1958 2669 quam
1989 2591 2046 2649 in
2084 2590 2321 2650 theatro

258 2702 306 2741 15
326 2682 742 2754 spectarentur,
774 2682 831 2732 et
862 2672 1239 2751 spectantium
1273 2673 1688 2735 immodestiam
1711 2674 1886 2742 exilio
1911 2674 2181 2735 multandi
2207 2691 2320 2753 po-

324 2766 503 2818 testas
534 2755 897 2835 praetoribus
928 2757 1112 2827 fieret.

449 2841 548 2902 78.
594 2839 893 2919 Templum
930 2850 989 2901 ut
1028 2840 1085 2897 in
1126 2840 1354 2899 colonia
1397 2840 1817 2903 Tarraconensi
1850 2849 2166 2903 strueretur
2193 2840 2317 2900 Au·

323 2933 495 3002 gusto
543 2922 871 3003 petentibus
926 2922 1197 3002 Hispanis
1243 2927 1612 3003 permissum,
1661 2926 1966 3005 datumque
2005 2928 2064 2984 in
2107 2943 2318 2985 omues

324 3009 657 3093 provincias
686 3005 1030 3084 exemplum.
1082 3009 1450 3069 centesimam
1473 3028 1663 3070 rerum
1685 3004 1969 3071 venalium
1997 3018 2132 3088 post
2153 3009 2319 3070 bella

328 3092 516 3151 civilia
543 3090 853 3150 institutam
899 3090 1251 3169 deprecante
1295 3094 1514 3174 populo
1553 3094 1736 3154 edixit
1764 3094 2028 3154 Tiberius
2065 3094 2317 3153 militare

174 3204 185 3211 ’
281 3186 305 3228 5
326 3176 602 3236 aerarium
632 3191 703 3232 eo
736 3172 988 3234 subsidio
1015 3176 1142 3245 niti;
1176 3177 1340 3236 simul
1363 3180 1640 3257 imparem
1665 3180 1828 3238 oneri
1850 3196 1973 3237 rem
2001 3176 2314 3257 publicam,

327 3260 432 3318 nisi
462 3258 777 3318 vicensimo
809 3258 1041 3319 militiae
1068 3278 1215 3325 anno
1247 3264 1503 3321 veterani
1525 3260 1958 3323 dimitterentur.
2009 3263 2086 3327 ita
2110 3262 2314 3339 proxi-

326 3358 451 3401 mae
482 3341 779 3424 seditionis
818 3342 965 3403 male
1007 3345 1300 3422 consulta,
1345 3346 1548 3422 quibus
1595 3345 1849 3408 sedecim
1895 3344 2315 3424 stipendiorum

332 3428 496 3484 finem
530 3436 957 3506 expresserant,
990 3427 1205 3489 abolita
1225 3431 1282 3488 in
1319 3438 1632 3508 posterum.
