2475 4000
375 193 495 255 130
881 201 1207 251 connnnn
1230 203 1464 250 TAOITI
1493 203 1854 253 Amnum

369 368 428 419 ut
466 358 734 416 seriarum
772 355 1088 416 Latinarum
1116 357 1319 416 diebus
1349 357 1704 437 praefectum
1741 357 1898 415 urbis
1926 358 2172 417 Drusum
2190 405 2212 436 ,
2263 378 2366 420 au-

369 441 626 520 spicandi
654 442 837 518 gratia
866 440 1108 500 tribunal
1138 443 1482 518 ingressum,
1515 441 1720 500 adierit
1749 439 2090 518 Calpurnius
2123 442 2362 504 Salvia·
2467 489 2469 498 .

367 543 473 584 nus
506 525 564 582 in
608 525 845 583 Sextum
882 523 1150 584 Marium:
1213 523 1366 602 quod
1407 543 1440 583 a
1484 523 1737 584 Caesare
1777 523 1963 602 palam
2003 527 2365 604 increpitum

325 632 350 670 5
371 625 542 668 causa
584 607 740 666 exilii
770 606 1039 667 Salviano
1078 609 1201 667 fuit.
1267 607 1496 667 obiecta
1528 605 1761 685 publice
1795 605 2100 681 Cyzicenis
2129 610 2365 669 incuria

370 692 838 752 caerimoniarum
868 689 981 749 divi
1003 691 1270 768 Augusti,
1311 690 1518 772 additis
1545 691 1852 750 violentiae
1891 690 2228 751 criminibus
2261 693 2363 752 ad·

366 792 595 834 versum
647 776 807 835 cives
843 774 1152 834 Romanos.
1208 784 1268 834 et
1302 775 1546 834 amisere
1591 773 1941 851 libertatem,
1981 790 2150 853 quam
2191 775 2364 837 bello

366 858 703 918 Mithridatis
732 867 1081 934 meruerant,
1124 859 1489 917 circumsessi
1520 875 1630 916 nec
1660 859 1843 916 minus
1883 875 1983 918 sua
2029 861 2366 919 constantia

368 959 532 1020 quam
571 941 859 1020 praesidio
890 932 1110 1002 Luculli
1140 941 1308 1020 pulso
1347 957 1510 1017 rege.
1567 949 1626 1000 at
1656 939 1930 999 Fonteius
1962 939 2208 1020 Capito,
2261 945 2364 1020 qui

302 1049 350 1089 ro
372 1043 476 1104 pro
524 1025 765 1086 consule
804 1023 999 1084 Asiam
1041 1035 1372 1102 curaverat,
1417 1023 1766 1100 absolvitur,
1814 1026 2274 1104 conperto'iicta
2307 1029 2368 1083 in
2470 1015 2471 1096 l

368 1127 497 1168 eum
536 1109 766 1168 crimina
804 1112 913 1186 per
948 1109 1176 1169 Vibium
1209 1111 1502 1169 Serenum.
1559 1125 1750 1186 neque
1791 1116 1978 1167 tamen
2023 1106 2079 1167 id
2121 1109 2368 1167 Sereno
2470 1107 2471 1156 ἕ

367 1209 556 1252 noxae
588 1194 720 1270 fuit,
762 1211 929 1271 quem
970 1193 1159 1253 odium
1188 1193 1476 1272 publicum
1502 1193 1770 1252 tutiorem
1799 1190 2070 1251 faciebat.
2133 1210 2270 1252 nam
2301 1202 2370 1250 ut
2470 1195 2471 1198 ’

368 1279 496 1354 quis
540 1276 872 1336 destrictior
927 1286 1265 1354 accusator,
1319 1275 1478 1336 velut
1519 1284 1924 1336 sacrosanctus
1971 1284 2121 1335 erat:
2177 1275 2362 1334 leves

366 1357 657 1442 ignobiles
691 1361 897 1436 poenis
927 1359 1357 1420 adliciebantur.

368 1471 374 1479 -
490 1440 591 1500 37.
636 1439 749 1500 Per
781 1442 931 1501 idem
954 1452 1179 1522 tempus
1206 1443 1480 1520 Hispania
1508 1443 1748 1502 ulterior
1774 1443 1963 1500 missis
1987 1442 2058 1502 ad
2088 1451 2359 1501 senatum

366 1525 575 1601 legatis
610 1527 821 1600 oravit,
865 1533 926 1582 ut
966 1525 1234 1604 exemplo
1265 1526 1442 1586 Asiae
1473 1525 1768 1585 delubrum
1798 1525 2032 1586 Tiberio
2064 1527 2358 1604 matrique

367 1610 489 1667 eius
521 1616 862 1666 exstrueret.
928 1625 1039 1686 qua
1067 1611 1378 1668 occasione
1403 1604 1648 1686 Caesar,
1679 1609 1901 1669 validus
1931 1609 2150 1688 alioqui
2181 1625 2358 1688 sper-

365 1691 565 1750 nendis
592 1690 909 1750 honoribus
954 1701 1013 1750 et
1054 1692 1514 1774 respondendum
1552 1702 1706 1752 ratus
1743 1695 1816 1752 iis
1851 1709 2089 1770 quorum
2117 1709 2360 1752 rumore

317 1801 340 1840 5
365 1772 709 1849 arguebatur
754 1775 810 1833 in
851 1773 1211 1836 ambitionem
1257 1777 1525 1852 flexisse,
1567 1775 1813 1838 huiusce
1843 1777 1996 1836 modi
2027 1769 2358 1836 orationem

368 1858 587 1936 coepit:
620 1857 803 1934 ‘scio,
842 1867 1038 1936 patres
1068 1862 1409 1938 conscripti,
1455 1857 1829 1920 constantiam
1857 1877 2040 1920 meam
2075 1877 2109 1918 a
2140 1859 2360 1938 pleris-

368 1958 479 2019 que
521 1939 928 2020 desideratam,
985 1943 1137 2023 quod
1180 1944 1356 2005 Asiae
1399 1943 1722 2004 civitatibus
1770 1963 1952 2025 nuper
1993 1943 2144 2004 idem
2197 1942 2357 2004 istud

366 2024 693 2103 petentibus
734 2044 851 2087 non
896 2032 1000 2103 sim
1042 2029 1397 2095 adversatus.
1457 2045 1602 2105 ergo
1645 2038 1702 2087 et
1743 2031 1954 2105 prioris
1996 2029 2212 2087 silentii
2257 2028 2354 2087 de·
2472 2074 2473 2099 ÷

367 2109 713 2183 sensionem,
745 2117 801 2169 et
829 2111 961 2188 quid
988 2113 1045 2171 in
1075 2114 1320 2172 futurum
1351 2113 1663 2186 statuerim,
1695 2112 1858 2171 simul
1889 2113 2162 2191 aperiam.
2225 2130 2358 2171 cum
2472 2106 2473 2189 l

303 2210 350 2249 ιο
369 2192 533 2251 divus
564 2191 858 2268 Augustus
902 2194 1010 2253 sibi
1048 2205 1220 2274 atque
1248 2195 1375 2255 urbi
1400 2196 1620 2255 Romae
1649 2195 1917 2274 templum
1947 2196 2097 2275 apud
2129 2195 2353 2271 Perga·
2472 2196 2473 2211 ¹

366 2292 513 2333 mum
556 2277 677 2333 sisti
716 2293 832 2335 non
877 2278 1290 2356 prohibuisset,
1341 2281 1437 2357 qui
1467 2280 1667 2338 omnia
1715 2280 1869 2341 facta
1909 2280 2182 2357 dictaque
2223 2282 2356 2337 eius

369 2360 495 2417 vice
523 2357 675 2434 legis
704 2359 1042 2437 observem,
1087 2362 1358 2440 placitum
1396 2366 1504 2422 iam
1541 2364 1860 2442 exemplum
1903 2364 2221 2443 promptius
2251 2381 2352 2419 se-

368 2449 533 2501 cutus
560 2458 711 2519 sum,
758 2446 887 2521 qnia
929 2443 1102 2505 cultui
1142 2463 1275 2505 meo
1316 2448 1610 2506 veneratio
1646 2455 1880 2505 senatus
1909 2445 2342 2522 adiungebatnr.

369 2534 617 2587 ceterum
648 2536 708 2585 ut
736 2527 915 2586 semel
948 2530 1250 2607 recepisse
1277 2531 1502 2588 veniam
1532 2528 1823 2606 habuerit,
1867 2533 1946 2591 ita
1993 2546 2188 2590 omnes
2231 2546 2352 2607 per

300 2628 350 2667 15
371 2612 698 2688 provincias
722 2612 921 2689 effigie
948 2613 1229 2671 numinum
1261 2615 1474 2672 sacrari
1501 2612 1880 2690 ambitiosum,
1915 2612 2252 2693 supet-burm
2287 2621 2355 2670 et

368 2702 643 2752 vanescet
669 2695 913 2771 Augusti
947 2694 1153 2772 honor,
1192 2698 1239 2755 si
1269 2698 1572 2774 promiscis
1610 2697 2029 2759 adulationibus
2053 2695 2354 2773 vulgatur.

493 2774 591 2835 38.
645 2775 776 2852 Ego
806 2796 928 2854 me,
975 2787 1175 2856 patres
1205 2781 1548 2860 conscripti,
1581 2782 1878 2841 mortalem
1913 2800 2047 2841 esse
2075 2789 2134 2839 et
2165 2780 2357 2839 homi-

368 2876 497 2916 num
544 2858 735 2918 officia
775 2861 933 2937 fungi
976 2865 1227 2941 satisque
1270 2863 1517 2941 habere,
1571 2864 1620 2922 si
1661 2863 1851 2924 locum
1885 2865 2211 2943 principem
2247 2865 2354 2922 im·

371 2941 585 3017 pleam,
634 2951 689 3000 et
726 2958 832 3001 vos
864 2953 1046 3005 testor
1086 2955 1143 3005 et
1183 2949 1507 3007 meminisse
1549 2956 1823 3025 posteros
1857 2949 2022 3017 volo;
2070 2948 2169 3027 qui
2205 2950 2359 3008 satis

339 3103 343 3107 Α
370 3040 656 3102 superque
690 3030 995 3089 memoriae
1021 3048 1182 3090 meae
1204 3032 1472 3108 tribuent,
1503 3042 1562 3092 ut
1588 3032 1898 3092 maioribus
1918 3035 2060 3092 meis
2085 3032 2350 3109 dignum,

322 3137 349 3175 5
371 3124 559 3166 rerum
604 3116 918 3167 vestrarum
961 3112 1287 3191 providum,
1330 3124 1681 3175 constantem
1721 3118 1776 3175 iu
1817 3116 2122 3195 periculis,
2163 3116 2352 3176 offen-

371 3191 588 3249 sionum
619 3208 725 3269 pro
760 3192 997 3253 utilitate
1025 3196 1255 3274 publica
1283 3216 1397 3257 non
1429 3198 1689 3277 pavidum
1720 3201 1974 3262 credant.
2027 3199 2180 3259 haec
2209 3200 2356 3257 mihi

369 3274 427 3330 in
456 3274 651 3332 animis
682 3277 889 3335 vestris
923 3280 1161 3357 templa,
1204 3282 1314 3341 hae
1356 3282 1771 3361 pulcherrimae
1815 3284 2044 3361 efligies
2087 3291 2148 3342 et
2190 3300 2354 3342 man-

370 3372 555 3452 surae.
606 3374 733 3417 nam
774 3377 920 3438 quae
964 3378 1105 3423 saxo
1148 3373 1462 3443 struuntur,
1503 3367 1553 3426 si
1594 3368 1858 3429 iudicium
1886 3376 2263 3447 posterorum
2293 3367 2356 3423 in

372 3435 558 3499 odium
595 3443 794 3521 vertit,
845 3461 951 3522 pro
988 3447 1309 3526 sepulchris
1341 3459 1701 3529 spernuntur.
1758 3449 1999 3531 proinde
2029 3450 2234 3510 socios
2269 3450 2354 3507 ci-
