2475 4000
348 207 477 266 276
884 213 1216 260 conunLn
1255 212 1492 261 'mom
1528 213 1893 261 ANNALIUM

350 373 553 434 hortos
587 369 829 430 exstruit
874 376 930 428 et
970 385 1079 446 per
1106 366 1604 428 haec·suburbana
1639 367 1854 428 incedit
1884 378 1940 427 et
1970 370 2144 428 tantis
2175 383 2358 446 agro·

351 473 477 516 rum
512 441 744 532 spatiis,
780 463 893 512 tam
923 451 1040 511 lato
1070 451 1314 510 faenore
1353 449 1674 512 exuberat?
1705 468 1814 512 una
1841 452 2107 512 defensio
2141 471 2356 514 oecur-

346 543 454 616 rit,
487 538 638 618 quod
658 537 995 597 muneribus
1025 537 1136 595 tuis
1168 535 1350 596 obniti
1375 554 1492 598 non
1521 535 1710 596 debui.

474 626 576 684 54.
617 622 732 682 Sed
772 630 1017 699 uterque
1058 621 1796 698 mensuramfinplevimuffi
1847 628 1908 677 et
1939 626 2035 694 tu,
2079 629 2358 698 qnantum

348 709 627 786 princeps
658 706 910 766 tribuere
950 706 1136 764 amico
1181 715 1416 783 posset,
1465 714 1522 764 et
1565 722 1680 782 ego
1701 750 1718 781 ‚
1765 711 2034 781 quantum
2063 706 2292 763 amicus
2325 725 2357 766 a

350 793 615 871 principe
646 794 947 869 accipere:
993 797 1190 848 cetera
1220 789 1487 848 invidiam
1515 797 1749 864 augent.
1818 805 1966 866 quae
1995 788 2228 867 quidem
2247 835 2266 865 ‚
2297 799 2362 848 ut

350 877 537 936 omnia
573 874 867 948 mortalia,
910 873 1055 932 infra
1085 881 1237 932 tuam
1265 871 1710 949 magnitudinem
1739 873 1920 946 iacet,
1965 871 2072 930 sed
2099 873 2241 932 mihi
2271 875 2356 934 in-

300 988 332 1026 s
352 959 594 1035 cambit,
634 958 767 1016 mihi
808 955 1260 1020 subveniendum
1292 967 1398 1016 est.
1467 974 1580 1034 quo
1611 956 1785 1016 modo
1811 958 1867 1014 in
1897 957 2094 1016 militia
2123 966 2224 1016 aut
2261 959 2356 1016 via

349 1045 541 1104 fessus
572 1040 966 1100 adminiculum
1002 1057 1255 1116 orarem,
1301 1042 1375 1100 ita
1417 1043 1473 1100 in
1501 1040 1618 1100 hoc
1645 1041 1852 1100 iti-nere
1887 1041 2038 1101 vitae
2073 1058 2262 1100 senex
2297 1051 2356 1100 et

346 1127 655 1187 levissimis
707 1142 939 1202 quoque
984 1125 1135 1184 curis
1178 1124 1376 1202 inpar,
1425 1143 1558 1184 cum·
1597 1142 1746 1203 opes
1789 1140 1946 1183 meas
1996 1124 2148 1184 ultra
2182 1128 2354 1185 susti-

345 1229 489 1271 nere
526 1227 644 1274 non
684 1210 935 1288 possim,
981 1206 1330 1286 praesidium
1371 1217 1526 1285 peto.
1599 1208 1732 1268 iube
1780 1227 1888 1287 per
1926 1218 2355 1288 procuratores

350 1304 481 1355 tuos
510 1295 919 1364 administrari,
960 1294 1017 1350 in
1057 1300 1207 1352 tuam
1251 1293 1533 1352 fortunam
1573 1294 1778 1370 recipi.
1846 1311 1955 1354 nec
1995 1311 2089 1352 me
2119 1294 2180 1352 in
2207 1313 2351 1372 pau-

280 1400 333 1440 10
353 1386 633 1457 pertatem
671 1379 798 1455 ipse
838 1375 1165 1452 detrudam,
1206 1375 1316 1436 sed
1360 1376 1581 1436 traditis
1628 1393 1868 1454 quorum
1909 1377 2146 1453 fulgore
2176 1396 2348 1456 prae·

348 1463 633 1536 stringor,
684 1460 837 1537 quod
872 1462 1154 1537 temporis
1193 1459 1493 1520 hortorum
1537 1468 1634 1519 aut
1661 1459 1924 1520 villarum
1967 1479 2140 1521 curae
2173 1480 2350 1541 sepo-

345 1545 630 1618 nitur‚‘in
674 1544 915 1602 animum
953 1542 1271 1602 revocabo.
1335 1552 1604 1623 superest
1643 1543 1747 1602 tibi
1789 1544 1968 1604 robur
2009 1554 2068 1604 et
2114 1555 2204 1605 tot
2241 1565 2352 1625 per

348 1645 530 1688 annos
562 1628 743 1686 visum
774 1627 993 1702 fastigii
1024 1628 1291 1702 regimen
1309 1650 1328 1686 ;
1357 1646 1661 1706 possumus
1691 1629 1954 1691 seniores
1989 1631 2156 1688 amici
2187 1632 2350 1708 quie·

344 1721 461 1771 tem
494 1718 835 1789 reposcere.
892 1709 1009 1770 hoc
1044 1727 1277 1788 quoque
1318 1714 1376 1770 in
1410 1722 1562 1772 tuam
1588 1711 1837 1788 gloriam
1867 1711 2074 1787 cedet,
2123 1731 2231 1774 eos
2280 1714 2352 1774 ad

279 1812 329 1853 ιε
350 1812 561 1854 summa
592 1795 824 1853 vexisse
856 1795 949 1872 qui
982 1803 1039 1853 et
1069 1795 1296 1854 modica
1331 1796 1703 1856 tolerarent.'

392 1927 403 1934 ,
472 1880 573 1943 55.
615 1878 706 1937 Ad
736 1897 883 1956 quae
912 1877 1069 1938 Nero
1102 1881 1189 1938 sic
1222 1879 1405 1940 ferme
1434 1880 1740 1958 respondit
1763 1883 1846 1940 ei:
1885 1880 2075 1959 ‘quod
2105 1880 2354 1942 medita-

345 1972 442 2023 tae
482 1963 728 2025 orationi
767 1971 899 2023 tuae
944 1964 1128 2023 statim
1185 1981 1526 2040 occurram,
1582 1963 1639 2023 id
1683 1966 1921 2043 primum
1971 1966 2050 2025 tui
2093 1969 2352 2027 muneris

344 2047 571 2125 haheo,
614 2049 711 2127 qui
748 2066 841 2109 me
874 2066 989 2108 non
1032 2057 1248 2109 tantum
1277 2053 1544 2127 praevisa
1574 2048 1679 2109 sed
1709 2050 1894 2110 subita
1929 2045 2212 2128 eitpedire
2241 2052 2349 2112 do⁴

349 2132 533 2191 cuisti.
605 2131 823 2191 abavus
862 2150 1025 2191 meus
1056 2131 1352 2209 Augustus
1381 2134 1686 2212 Agrippae
1727 2144 1784 2195 et
1813 2134 2139 2196 Maecenati
2187 2154 2352 2195 usur-

296 2232 489 2293 5pare
535 2217 711 2273 otium
752 2225 887 2293 post
927 2216 1162 2276 iabores
1208 2219 1534 2292 concessit,
1591 2218 1695 2277 sed
1739 2220 1796 2277 in
1851 2237 1920 2279 ea
1961 2220 2091 2297 ipse
2133 2228 2352 2297 aetate,

348 2299 507 2357 cuius
548 2301 867 2359 auctoritas
912 2307 1173 2360 tueretur
1201 2301 1473 2380 quidquid
1513 2302 1653 2368 iilud
1695 2310 1752 2361 et
1795 2303 2214 2382 qualecumque
2247 2306 2352 2363 tri·

344 2381 591 2450 buisset;
644 2400 715 2441 ac
758 2392 945 2442 tamen
986 2393 1250 2443 neutrum
1291 2386 1439 2445 datis
1481 2404 1512 2444 a
1543 2404 1608 2445 se
1638 2388 1908 2465 praemiis
1941 2390 2118 2446 exuit.
2183 2386 2350 2448 hello

344 2474 404 2524 et
437 2466 716 2544 periculis
761 2462 1117 2537 meruerant;
1158 2470 1216 2527 in
1257 2470 1328 2527 iis
1360 2471 1507 2528 enim
1551 2471 1782 2529 iuventa
1824 2471 2072 2547 Augusti
2113 2481 2351 2531 versata

248 2616 257 2627 ⁸
344 2559 451 2608 est.
510 2567 621 2608 nec
662 2550 796 2610 mihi
839 2550 952 2611 tela
986 2559 1043 2610 et
1072 2570 1271 2611 manus
1310 2562 1441 2613 tuae
1471 2554 1793 2614 defuissent
1821 2556 1878 2613 in
1907 2557 2080 2613 armis
2111 2560 2346 2632 agenti:

276 2660 325 2701 10
344 2632 447 2691 sed
480 2633 632 2711 quod
663 2651 943 2712 praesens
977 2636 1244 2697 condicio
1285 2637 1595 2715 poscebat,
1643 2639 1868 2702 ratione
1901 2638 2144 2699 consilio
2177 2658 2348 2717 prae-

346 2718 533 2795 ceptis
564 2720 897 2796 pueritism,
938 2718 1071 2779 dein
1100 2722 1388 2781 iuventam
1412 2738 1596 2781 meum
1624 2723 1840 2783 fovisti.
1903 2732 1960 2781 et
1989 2732 2084 2782 tua
2115 2723 2347 2801 quidem

346 2818 485 2876 erga
516 2818 607 2859 me
636 2819 900 2879 munera,
946 2802 1075 2863 dum
1112 2805 1226 2863 vita
1263 2814 1566 2885 suppetet,
1615 2816 1850 2867 aeterna
1882 2816 2083 2866 erunt:
2127 2825 2278 2885 quae
2312 2826 2347 2867 a

342 2900 433 2941 me
460 2882 670 2960 hahes„
700 2885 855 2945 horti
886 2896 945 2946 et
973 2888 1174 2947 faenus
1204 2897 1266 2948 et
1287 2889 1488 2965 villae,
1522 2890 1752 2949 casibus
1784 2890 2038 2951 obnoxia
2069 2900 2218 2950 sunt.
2273 2909 2350 2950 ac

340 2965 481 3025 licet
537 2968 707 3027 multo
752 2970 1083 3046 videantur,
1151 2971 1418 3051 plerique
1467 2974 1900 3053 haudquaquam
1950 2974 2165 3035 artibus
2232 2977 2347 3035 tuis

272 3070 321 3113 15
346 3066 522 3128 pares
568 3050 731 3128 plura
760 3061 1093 3131 tenuerunt,
1138 3057 1248 3115 nisi
1293 3058 1445 3117 forte
1491 3063 1588 3118 aut
1627 3068 1686 3118 te
1717 3058 1956 3119 Vitellio
1986 3068 2078 3117 ter
2115 3060 2346 3129 consuli

342 3142 435 3193 aut
462 3152 552 3193 me
586 3132 826 3195 Claudio
870 3142 1209 3219 postponis,
1259 3150 1318 3200 et
1357 3152 1624 3220 quantum
1653 3143 1900 3202 Volusio
1945 3143 2124 3219 longa
2157 3146 2344 3222 parsi-

338 3219 528 3277 monia
570 3221 883 3296 quaesivit‚
942 3231 1152 3283 tantum
1194 3226 1252 3283 in
1294 3234 1352 3285 te
1396 3244 1524 3285 mea
1574 3226 1912 3287 liberalitas·
1937 3227 2184 3305 explere
2225 3245 2344 3287 non

340 3310 555 3378 potest.
612 3303 791 3380 pudet
810 3305 1031 3364 referre
1057 3308 1376 3386 libertinos,
1403 3312 1499 3389 qui
1519 3310 1760 3385 ditiores
1786 3319 2154 3389 spectantur:
2187 3312 2340 3371 unde

340 3385 510 3443 etiam
540 3386 675 3445 mihi
716 3386 917 3447 rubori
962 3399 1051 3448 est
1071 3392 1233 3471 quod
1267 3395 1618 3472 praecipuus
1662 3396 1902 3455 caritate
1937 3394 2188 3456 nondum
2219 3414 2337 3456 om-

269 3486 323 3527 20
345 3482 449 3524 nes
478 3468 705 3527 fortuna
736 3471 1058 3531 antecellis.
