2475 4000
614 235 1151 285 COMMENTARIUS
1197 235 1532 284 CRITICUS.
1985 236 2084 282 XV

86 395 327 452 statuenda
360 393 433 452 ob
464 396 709 450 ultionem
730 393 1066 466 perfectam,
1117 414 1163 451 v.
1200 404 1229 453 1
1248 437 1264 464 ,
1297 401 1364 454 14
1393 412 1486 452 ara
1519 394 1867 467 adoptioniS,
1907 399 1971 464 4,
2015 399 2088 453 74

59 499 146 534 ara
172 479 536 547 clementiae,
560 495 663 544 jara
701 478 1009 548 amicitiae,
1054 477 1200 537 Suet.
1234 479 1348 534 Cal.
1392 485 1427 537 8
1457 479 1608 534 addit
1643 478 1806 534 etiam
1849 493 1950 549 pro
1990 495 2080 534 ar-

59 597 61 624 ;
90 567 302 632 gumento
327 579 463 617 aras
495 562 570 616 ihi
603 561 819 618 ostendi
851 562 1147 633 inscriptas
1171 557 1277 617 ‘ob
1301 562 1644 633 Agrippinae
1668 561 2079 633 puerperium'.

59 631 61 654 ²
219 641 291 700 19
311 685 328 713 ,
374 650 413 702 4
447 641 501 698 iti
532 645 851 700 ulciscenda
879 644 1022 699 Hm.-
1054 645 1374 701 ulciscenda
1395 685 1412 714 ,
1455 644 1600 716 quod
1638 644 1938 716 defendunt
1967 646 2084 701 loco

90 728 287 781 dissimili
328 733 432 796 14,
474 733 509 784 4
555 723 565 798 Ι
616 734 647 787 7
692 728 919 797 audire,
964 729 1063 784 sed
1104 731 1161 782 in
1194 746 1372 800 mary.
1415 727 1626 784 audita:
1677 744 1815 798 quae
1858 744 2082 799 quoquo

100 811 220 865 modo
241 810 477 866 audiere
510 811 585 865 W
862 868 870 884 x
1347 818 1352 828 '

59 885 62 934 Ι
124 907 129 918 ’
214 889 324 962 20,
373 901 402 950 1
438 895 625 964 priore
670 899 883 956 aestate
928 895 986 950 Ν
1013 895 1138 949 incl.
1180 888 1189 972 Ι
1229 903 1291 954 11
1327 901 1584 968 exceptat
1616 896 1728 950 Jut.
1758 893 1942 948 Held:
1983 910 2081 948 ex-

96 982 209 1046 cepta
242 968 253 1052 Ι
292 983 361 1036 13
393 977 653 1033 desertus
686 995 714 1033 a
746 977 862 1032 suis
898 978 1225 1050 Wesenberq
1255 993 1356 1032 em.
1383 979 1491 1035 Cic.
1517 981 1672 1050 epist.
1694 995 1759 1048 p.
1787 979 1860 1031 92
1886 982 1994 1030 not.
2025 982 2082 1033 2.

218 1053 325 1128 21,
370 1065 405 1118 6
450 1061 682 1133 amplius
735 1077 892 1132 quam
941 1061 1229 1132 quingenti
1293 1063 1398 1116 W.-
1444 1047 1680 1133 'amplius
1729 1075 1885 1132 quam
1927 1060 2080 1128 genti

98 1137 243 1212 (quam
278 1149 355 1197 est
392 1145 454 1197 in
494 1152 737 1199 extremo
778 1140 1003 1217 versu);
1058 1146 1290 1226 amplius
1333 1145 1615 1215 quingenti
1660 1145 1813 1215 vutqo
1838 1138 1861 1216 Ἰ
1900 1147 1966 1200 16
1997 1143 2082 1197 in-

59 1251 62 1282 r
98 1224 364 1295 ligatusque
393 1227 473 1289 P,
514 1235 571 1282 et
592 1227 859 1297 inligatus
896 1228 984 1282 He

59 1317 62 1390 Ι
224 1302 295 1360 22
314 1351 327 1378 ,
370 1305 413 1369 3'
436 1310 671 1376 Quirino
704 1316 756 1364 et
781 1327 911 1366 mox
936 1311 1196 1377 Quirinus
1219 1310 1419 1382 nycte,-
1447 1317 1504 1366 at
1531 1328 1582 1366 v.
1606 1310 1774 1381 Nipp.
1804 1311 1881 1365 ad
1904 1318 1958 1380 2,
1983 1303 2082 1387 3οΙ

59 1395 61 1402 ’
104 1390 396 1447 nseicere:
430 1394 663 1448 reticeri
692 1397 767 1460 Α,
798 1395 1018 1450 nescire
1050 1394 1112 1448 N
1120 1417 1139 1454 ,·
1171 1413 1218 1450 v.
1247 1395 1552 1450 Petersem’i
1580 1395 1707 1456 adn,
1737 1394 1814 1448 ad
1847 1394 1982 1449 Tac.
2010 1395 2080 1465 11,

102 1476 148 1528 25
171 1468 333 1543 (etiam
359 1479 417 1531 in
450 1478 540 1532 ed.
562 1477 805 1548 Ruperti
823 1479 897 1533 111
915 1519 932 1547 ,
964 1472 1098 1549 651)
1121 1484 1173 1532 et
1197 1494 1298 1533 nos
1323 1482 1381 1533 in
1410 1479 1472 1533 Ζ.
1499 1479 1552 1550 f.
1576 1479 1661 1532 die
1681 1478 2082 1536 Alterthumsm.

107 1559 208 1612 1847
232 1575 280 1626 p.
309 1565 391 1619 66.

186 1659 195 1670 ⁸
238 1636 327 1710 23,
369 1644 852 1713 4‘misericordia,
898 1659 997 1698 em.
1025 1644 1104 1705 L,·
1144 1645 1212 1699 de
1251 1646 1525 1716 permovit
1562 1661 1611 1700 v.
1643 1652 1706 1714 1,
1743 1652 1838 1709 21;
1883 1651 1981 1714 16,
2014 1650 2088 1703 32

236 1717 333 1793 24,
378 1735 407 1784 1
448 1727 651 1782 etenim
680 1726 804 1782 Mr:
847 1728 1061 1784 adenim
1112 1719 1123 1806 Ι
1176 1736 1238 1787 11
1280 1727 1488 1784 tetendi
1519 1729 1601 1784 E.-
1644 1729 1796 1784 tendi
1837 1725 2079 1802 (intendi

110 1796 211 1879 ΠΗ
240 1813 298 1865 16
326 1808 521 1865 fratris
553 1811 725 1865 fretus
756 1811 1004 1882 potentia
1038 1812 1127 1867 Bz
1861 1815 1864 1820 ’

234 1883 335 1959 26,
366 1899 402 1950 4
435 1900 695 1964 peterent
721 1895 770 1949 Α
810 1898 863 1949 et
897 1894 946 1949 U
978 1889 985 1971 Ι
1024 1900 1057 1953 6
1098 1895 1380 1950 incidebat
1410 1895 1738 1966 prouenire,
1789 1909 1891 1950 em.
1918 1895 1965 1950 L
2000 1889 2012 1972 Ι
2049 1903 2085 1955 9

116 1981 185 2021 eae
207 1970 330 2035 ΗΜ
373 1992 439 2032 ae
472 1973 610 2049 (hae
639 1974 723 2052 v.)
764 1970 774 2053 Ι
812 1971 923 2048 27,
956 1983 1022 2037 12
1053 1977 1223 2033 otium
1255 1977 1308 2033 ei
1336 1977 1421 2034 rei
1453 1977 1507 2033 R

235 2050 335 2127 28,
376 2066 411 2119 8
442 2062 651 2117 artiora
684 2062 738 2117 P
771 2060 780 2133 Ι
816 2068 851 2122 9
880 2069 939 2117 ut
975 2062 1023 2117 si
1053 2061 1135 2116 L.-
1176 2062 1284 2116 uisi

61 2200 64 2205 ,
237 2132 334 2209 29,
374 2148 410 2201 4
451 2145 854 2215 quaesituram,
910 2160 1014 2205 em.
1058 2144 1115 2198 E
1160 2137 1170 2224 Ι
1218 2149 1250 2203 7
1295 2144 1566 2217 fastidii-l
1618 2152 1686 2205 16
1729 2145 2080 2216 uidebantur,

120 2226 192 2268 em·
214 2220 247 2273 G
276 2221 284 2293 Ι
317 2226 467 2282 ultro
497 2227 737 2283 Alciatus

242 2300 633 2375 31,2triennio
647 2311 726 2366 N.-
750 2314 979 2370 biennio
1016 2310 1025 2383 Ι
1064 2311 1406 2369 {teon-exist}
1440 2310 1452 2383 Ι
1490 2317 1638 2371 18ea
1654 2313 2086 2369 add.Ferrettus

240 2383 340 2459 34,
383 2398 418 2450 4
446 2394 613 2449 multa
654 2412 684 2449 e
717 2396 919 2452 duritie
950 2396 1006 2449 Ε
1028 2396 1287 2466 malebat,
1331 2396 1494 2452 multa
1527 2414 1558 2451 a
1588 2397 1704 2451 dur.
1735 2395 1803 2451 M
1825 2403 1878 2451 et
1902 2398 1980 2458 A,-
2025 2401 2086 2451 at

119 2477 151 2595 ΙΙ·
182 2470 234 2558 ’ξ’
274 2477 343 2624 35
377 2489 421 2529 s·
460 2474 510 2548 f.
560 2469 569 2554 Ι
617 2487 649 2536 5
686 2478 743 2533 in
785 2479 911 2537 add.
942 2478 1004 2533 M
1054 2470 1065 2556 Ι
1113 2484 1146 2537 6
1177 2479 1434 2535 adsidere
1464 2480 1580 2534 He.-
1610 2480 1865 2536 absidere
1895 2474 2091 2552 (οὔεί-ξ

146 2560 208 2602 en
233 2570 275 2607 v.
1146 2597 1159 2609 ,

243 2631 340 2709 35,
378 2648 413 2700 3
439 2642 529 2705 Μ’,
561 2643 608 2698 L
633 2650 684 2699 et
702 2644 998 2717 Borqltesi:
1028 2647 1095 2701 M.
1134 2639 1143 2721 Ι
1182 2654 1215 2705 9
1245 2646 1460 2701 adiutus
1489 2650 1576 2699 est
1606 2645 1702 2699 W.-
1731 2644 1874 2699 haud
1903 2644 2083 2699 iustus

123 2716 183 2762 est
209 2713 361 2788 (haud
388 2724 535 2781 intus
570 2734 655 2782 est
681 2724 826 2803 JG).
888 2726 953 2785 Si
978 2733 1258 2801 neyatione
1291 2728 1506 2783 Tacitus
1533 2743 1664 2783 usus
1699 2732 1861 2794 esset,
1889 2728 2080 2782 saltem

120 2804 443 2883 exspectares,
498 2826 619 2864 eum
657 2815 992 2881 praesertim
1030 2830 1219 2883 neque
1275 2812 1465 2867 eadem
1518 2811 1704 2867 adsev.
1749 2811 2079 2881 praecedat.-

122 2886 303 2947 neque
330 2904 599 2948 consensu
629 2894 769 2949 adul.
802 2894 947 2952 iutus
973 2903 1073 2951 est.

249 2960 348 3039 37,
386 2970 422 3033 't'
450 2975 957 3034 aedificationibus:
1004 2978 1341 3034 editionibus
1370 2978 1445 3045 L,
1484 2978 1712 3033 ludicris
1742 2976 2082 3033 factionibus

63 3086 65 3098 =
126 3034 177 3090 R·
209 3044 446 3127 Seyffert,
508 3059 666 3116 daret
713 3061 1047 3117 factionibus
1098 3060 1318 3131 Bequ,
1383 3062 1778 3131 agitationibus
1843 3059 2104 3133 Urlichs*
2171 3116 2177 3126 ,

63 3112 66 3241 Ι
130 3116 323 3216 Tacitum
346 3144 555 3213 nomine
592 3159 729 3198 raro
768 3150 821 3198 et
858 3145 1063 3201 novicio
1100 3158 1264 3197 usum
1301 3158 1419 3199 esse
1445 3159 1522 3199 ex
1545 3147 1668 3214 ipsa
1710 3146 2079 3200 terminatione

128 3195 411 3294 (flaminibus)
438 3228 613 3297 conici
624 3243 743 3298 par
769 3232 849 3281 est
860 3250 878 3289 ,-
902 3228 980 3281 ad
1007 3229 1326 3281 sententiam
1347 3232 1534 3298 aptum
1565 3234 1704 3282 esset
1728 3227 2078 3283 laetificatio-

131 3284 249 3345 mbus
272 3301 345 3354 vel
369 3305 858 3379 ludificationibus,
899 3312 952 3365 si
974 3316 1180 3367 veteres
1214 3311 1288 3362 ita
1319 3310 1523 3364 dixisse
1551 3316 1877 3380 compertum
1911 3309 2085 3365 habe--

63 3406 66 3495 Ι
131 3378 281 3463 ream,
325 3380 334 3453 Ι
376 3392 405 3445 7
446 3394 695 3448 traheret
729 3391 806 3453 L,-
861 3399 920 3447 at
958 3400 1039 3449 est
1080 3393 1304 3448 trabere
1351 3394 1638 3463 infinitivus
1685 3396 2080 3471 epeoeeyeticus,

63 3500 66 3513 2
136 3458 249 3508 cums
270 3462 367 3521 loco
380 3476 603 3543 priores
626 3475 915 3531 accensent:
940 3478 1045 3532 buc
1076 3476 1389 3531 intenderet
1417 3482 1475 3531 ut
1501 3513 1514 3528 .
1546 3516 1560 3529 .
1591 3476 1853 3533 traheret.
