2475 4000
324 165 440 224 170
858 173 1188 222 conunnn
1216 176 1450 222 mern
1475 163 1844 224 ANNALHJ'M

243 365 253 372 -
320 331 657 393 stationibus
690 328 992 406 cingebat,
1036 327 1225 388 donec
1247 327 1450 390 'Parthi
1485 328 1954 390 contumeliarum
1993 332 2326 394 insolentes

272 427 298 465 5
324 417 811 478 circumsisterent
840 431 1074 490 regem,
1108 422 1424 492 poscerent
1448 413 1752 492 proelium.
1813 423 1986 491 atque
2027 415 2142 476 illis
2192 419 2328 478 sola

320 503 381 562 in
418 501 613 578 equite
658 499 776 558 vis:
830 497 1248 557 Pharasmanes
1291 505 1349 556 et
1394 496 1590 576 pedite
1633 497 1883 558 valebat.
1951 517 2078 560 nam
2113 499 2326 561 Hiberi

317 585 643 661 Albanique
686 582 975 642 saltuosos
1017 581 1185 640 locos
1232 581 1558 641 incolentes
1597 581 1838 662 duritiae
1881 585 2328 662 patientiaeque

316 670 500 745 magis
533 669 865 735 insuevere3
900 667 1206 742 feruntque
1255 683 1322 724 se
1364 665 1660 725 Thessalis
1701 675 1897 742 ortQS,
1945 686 2056 746 qua
2095 677 2328 748 tempe-

318 762 465 813 state
506 752 639 812 Iaso
690 759 837 834 post·
862 758 1121 809 avectam
1160 749 1423 809 Medeam
1465 751 1812 828 genitosque
1859 769 1934 810 ex
1973 770 2043 812 ea
2095 752 2328 814 liberos

253 849 300 889 1⁰
320 841 545 898 inanem
587 853 723 895 mox
775 835 997 911 regiam
1041 832 1268 894 Aeetae
1325 830 1668 912 vacuosque
1717 832 1976 896 Colchos
2021 839 2323 914 repetivit.

316 922 607 999 multaque
641 919 713 978 de
754 919 981 977 nomine
1025 917 1149 977 eius
1198 926 1258 977 et
1297 917 1554 977 oraclum
1592 917 1786 977 Phrixi
1827 919 2158 989 celebrant;
2205 939 2326 980 nec

318 1006 618 1085 quisquam
646 1004 828 1063 ariete
860 1002 1298 1077 sacrificaverit,
1333 1001 1553 1062 credito
1582 1003 1816 1062 vexisse
1846 1004 2146 1080 Phrixum,
2193 1007 2328 1064 sive

317 1090 375 1150 id
404 1090 609 1150 animal
654 1106 757 1146 seu
800 1087 961 1145 navis
1013 1087 1237 1163 insigne
1268 1085 1388 1146 fuit.
1453 1094 1710 1145 ceterum
1753 1085 1992 1147 derecta
2033 1090 2328 1166 utrimque

318 1176 446 1236 acie
489 1172 729 1234 Parthus
752 1186 763 1193 ‘
788 1171 1089 1247 imperium
1134 1172 1374 1230 orientis
1394 1215 1411 1245 ,
1463 1169 1856 1229 claritudinem
1884 1170 2329 1232 -Arsacidarum

252 1270 300 1312 15
321 1268 635 1334 contraque
660 1254 979 1332 ignobilem
1000 1253 1297 1328 Hiberum,
1321 1255 1722 1314 mercennario
1745 1255 1925 1314 milite
1957 1255 2322 1326 disserebat;

317 1342 730 1402 Pharasmanes
785 1339 1047 1414 integros
1097 1347 1283 1400 semet
1333 1357 1368 1398 a
1423 1339 1689 1398 Parthico
1741 1339 2060 1417 domina-tu,
2101 1351 2324 1418 quanto

316 1425 534 1483 maiora
570 1430 869 1500 peterent,
915 1421 1044 1498 plus
1086 1421 1321 1482 decoris
1366 1425 1619 1482 victores
1649 1433 1772 1500 aut,
1817 1425 1864 1482 si
1895 1433 2062 1501 terga
2093 1425 2322 1500 darent,

240 1559 251 1566 ,
318 1507 517 1585 flagitii
548 1515 719 1582 atque
750 1505 995 1581 periculi
1030 1505 1280 1588 laturos3
1327 1507 1491 1567 simul
1520 1506 1807 1567 horridam
1837 1526 2068 1567 suorum
2109 1510 2322 1584 aciem,

316 1594 473 1670 picta
504 1605 643 1649 auro
682 1586 979 1648 Medorum
1009 1591 1259 1666 agmina,
1289 1590 1418 1651 hinc
1447 1593 1625 1667 viros,
1657 1591 1792 1651 inde
1819 1591 2090 1671 praedam
2123 1602 2322 1653 osten-

172 1720 178 1728 .-
245 1695 297 1734 20
318 1675 479 1734 dere.

244 1768 308 1823 35
438 1761 541 1819 41.
588 1758 905 1819 ‘Enimvero
948 1758 1097 1837 apud
1139 1759 1432 1818 Sarmatas
1481 1777 1596 1820 non
1637 1777 1762 1820 ‘una
1808 1776 1925 1818 vox
1989 1759 2189 1820 ducis:
2253 1779 2322 1820 se

316 1845 561 1924 quisque
604 1843 889 1904 stimulant
930 1863 1001 1903 ne
1041 1861 1292 1924 pugnam
1335 1861 1441 1922 per
1487 1844 1726 1920 sagittas
1767 1847 2052 1904 sinerent:
2101 1846 2324 1923 impetu

316 1937 374 1988 et
400 1931 715 1990 comminus
747 1928 1252 2009 praeveniendum.
1315 1928 1510 1987 variae
1537 1928 1670 1987 hinc
1702 1928 2033 1988 bellantium
2059 1931 2322 2007 species,

315 2032 443 2075 cum
488 2013 730 2074 Parthus
772 2016 935 2093 sequi
982 2014 1078 2075 vel
1118 2014 1325 2089 fugere
1369 2014 1494 2092 pari
1543 2021 1668 2072 arte
1721 2021 1916 2073 suetus
1967 2012 2324 2073 distraheret

268 2108 558 2174 5turmas,
604 2098 848 2174 spatium
891 2098 1098 2158 ictibus
1150 2106 1488 2175 quaereret,
1539 2097 1835 2157 Sarmatae
1887 2098 2102 2157 omisso
2152 2116 2319 2172 arcu,

314 2199 429 2259 quo
460 2180 693 2240 brevius
725 2180 935 2257 valent,
972 2184 1157 2242 contis
1188 2181 1516 2261 gladiisque
1538 2191 1799 2250 ruerent;
1827 2182 1998 2242 modo
2025 2185 2322 2260 equestris

312 2264 523 2343 proelii
566 2281 731 2323 more
769 2264 973 2323 frontis
1026 2274 1083 2323 et
1125 2265 1277 2342 tergi
1327 2267 1522 2342 vices,
1579 2264 1884 2343 aliquando
1927 2276 1988 2327 ut
2013 2298 2018 2303 ·
2043 2275 2318 2325 conserta

314 2350 469 2409 acies
506 2348 863 2426 'corporibus
918 2358 975 2407 et
1029 2349 1198 2425 pulsu
1252 2367 1536 2409 armorum
1590 2350 1878 2427 pellerent
1935 2350 2310 2430 pellerentur.

312 2436 537 2511 iamque
581 2442 638 2491 et
667 2432 877 2491 Albani
903 2431 1221 2509 Hiberique
1263 2450 1575 2510 prensare,
1623 2434 1962 2511 detrudere,
2008 2435 2312 2510 ancipitem

247 2542 297 2582 ιο
319 2535 566 2596 pugnam
608 2516 871 2576 hostibus
913 2516 1146 2591 facere,
1186 2532 1336 2593 quos
1383 2536 1560 2596 super
1611 2536 1792 2596 eques
1831 2528 1890 2577 et
1943 2516 2314 2602 propioribus

314 2601 647 2661 vulneribus
678 2600 902 2679 pedites
932 2598 1316 2659 adflictabant.
1369 2602 1516 2662 inter
1540 2620 1688 2682 quae
1720 2602 2134 2663 Pharasmanes
2163 2600 2314 2662 Oro·

314 2685 534 2763 desque
557 2730 573 2761 ,
622 2684 753 2744 dum
806 2685 1051 2744 strenuis
1094 2683 1300 2743 adsunt
1355 2695 1452 2745 aut
1487 2686 1890 2748 dubitantibus
1945 2687 2318 2763 subveniunt,

314 2769 612 2846 conspicui
654 2784 845 2846 eoque
886 2768 1082 2843 gnari,
1130 2766 1384 2829 cla-more
1427 2770 1561 2831 telis
1603 2772 1770 2850 equis
1813 2780 2192 2849 concurrunt,
2235 2774 2320 2831 in-

314 2854 553 2914 stantius·
584 2851 1027 2926 Pharasmanes:
1078 2869 1207 2911 nam
1252 2854 1456 2913 vulnus
1495 2872 1606 2933 per
1649 2854 1878 2932 galeam
1921 2854 2140 2932 adegit.
2203 2875 2322 2915 nec

243 2951 293 2992 15
316 2938 531 2997 iterare
568 2936 766 3008 valuit,
801 2934 1283 3014 praelatus‘equo
1316 2947 1376 2997 et
1401 2939 1729 2999 fortissimis
1759 2938 2069 2999 satellitum
2117 2950 2321 3020 prote-

314 3020 585 3095 gentibus
614 3021 902 3078 saucium:
949 3019 1099 3079 fama
1142 3028 1332 3081 tamen
1377 3024 1559 3083 occisi
1593 3023 1744 3084 falso
1783 3022 2002 3083 credita
2035 3026 2326 3084 exterruit

310 3104 555 3165 Parthos
586 3103 999 3181 victoriamque
1032 3119 1406 3166 concessere.

234 3184 305 3240 3ss
436 3188 537 3249 42.
580 3185 719 3245 Mox
759 3186 1085 3249 Artabanus
1122 3198 1244 3250 tota
1287 3191 1440 3251 mole
1486 3192 1653 3269 regni
1715 3192 1891 3252 ultum
1945 3180 2030 3250 ii't.
2106 3192 2324 3271 peritia

311 3272 571 3332 locorum
602 3269 673 3329 ab
703 3270 930 3331 Hiberis
960 3273 1164 3333 melius
1212 3285 1554 3353 pugnatum
1597 3294 1710 3336 nec
1753 3276 1886 3337 ideo
1931 3275 2322 3353 abscedebat,

310 3355 369 3413 ni
416 3356 728 3415 contractis
774 3356 1104 3434 legionibus
1146 3358 1416 3419 Vitellius
1465 3369 1524 3419 et
1567 3358 1796 3422 subdito
1841 3369 2110 3436 rumore,
2171 3369 2324 3421 tam-

310 3454 477 3515 quam
508 3438 984 3521 Mesopotamiam
1012 3443 1334 3520 invasurus,
1364 3453 1574 3504 metum
1599 3444 1844 3507 Romani
1871 3442 2322 3507 bellisfecisset.
