2475 4000
771 214 980 261 menn
999 216 1098 261 111.
1133 216 1280 263 CAP.
1308 195 1546 298 r2—16.
2063 208 2149 270 85

155 369 368 429 curiam
397 388 582 430 voces
612 369 1014 431 audiebantur:
1047 389 1161 430 non
1187 379 1613 450 temperaturos
1642 375 1931 452 manibus,
1964 378 2013 436 si
2043 394 2142 454 pa-

153 463 296 513 trum
335 453 649 513 sententias
696 455 1000 513 evasisset.
1084 454 1433 533 effigiesque
1476 454 1697 515 Pisonis
1746 467 2037 521 traxerant
2087 462 2141 519 in
2163 474 2215 514 15

155 532 458 597 Gemonias
492 556 561 597 ac
591 537 986 614 divellebant,
1031 539 1087 597 ni
1127 540 1289 597 iussu
1317 539 1595 618 principis
1634 550 1932 619 protectae
1966 562 2139 623 repo-

153 624 417 699 sitaeque
446 622 655 682 forent.
715 624 886 699 igitur
915 622 1123 682 inditus
1164 622 1414 683 lecticae
1458 632 1517 682 et
1566 643 1598 684 a
1644 624 1869 685 tribuno
1911 637 2138 706 praeto·

148 708 284 767 riae.
311 705 568 766 cohortis
611 706 890 767 deductus
938 715 1063 782 est,
1111 707 1273 767 vario
1318 724 1584 785 rumore,
1630 717 1827 767 custos
1868 710 2033 770 saluti
2068 731 2143 794 an

145 792 347 855 mortis
383 799 628 850 exactor
657 800 1022 868 sequeretur.

277 876 372 934 15.
419 873 640 951 Eadem
672 874 978 935 Plancinae
1013 874 1257 949 invidia,
1294 875 1476 934 maior
1523 877 1741 951 gratia;
1794 894 1984 955 eoque
2028 896 2141 937 am-

141 959 376 1037 biguum
423 958 743 1018 habebatur
784 967 1051 1036 quantum
1090 956 1328 1019 Caesari
1379 958 1435 1016 in
1484 976 1610 1019 eam
1660 960 1885 1020 liceret.
1970 959 2141 1039 atque

142 1044 295 1123 ipsa,
331 1043 520 1103 donec
553 1043 784 1102 mediae.
812 1043 1005 1102 Pisoni
1035 1061 1196 1121 spesi,
1230 1043 1456 1102 sociam·
1479 1062 1543 1102 se
1578 1044 1985 1122 cuiuscumque
2023 1044 2141 1103 for-

141 1137 314 1187 tunae
344 1136 423 1202 et,
465 1128 512 1185 si
546 1129 624 1186 ita
654 1127 854 1203 ferret,
886 1127 1151 1186 comitem
1182 1126 1342 1186 exitii
1371 1127 1767 1204 promittebat:
1806 1136 1867 1187 ut
1896 1130 2142 1189 secretis

140 1211 444 1289 Augustae
475 1211 750 1289 precibus
778 1212 1002 1270 veniam
1031 1211 1294 1287 obtinuit,
1326 1210 1597 1289 paulatim
1628 1213 1930 1289 segregari
1960 1230 1994 1271 a
2025 1230 2139 1271 ma·
2163 1226 2189 1264 ⁵

141 1298 276 1371 rite,
316 1294 578 1355 dividere
611 1295 1010 1355 defensionem
1046 1296 1261 1373 coepit.
1329 1296 1483 1372 quod
1526 1314 1661 1354 reus
1695 1304 1997 1373 postquam
2030 1295 2143 1358 sibi

143 1379 440 1440 exitiabile
476 1379 796 1455 intellegit,
830 1396 898 1438 an
929 1378 1114 1438 adhuc
1158 1381 1523 1457 experiretur
1562 1378 1859 1456 dubitans,
1911 1379 2141 1440 hortan-

143 1463 300 1522 tibus
360 1463 493 1523 filiis
557 1463 721 1522 durat
771 1472 1016 1523 mentem
1071 1472 1449 1541 senatumque
1508 1481 1730 1523 rursum
1787 1464 2138 1540 ingreditur:

140 1546 712 1625 redintegratamque
747 1548 1206 1622 accusationem,
1253 1546 1507 1607 infensas
1537 1556 1761 1626 patrum
1791 1565 2006 1623 voces,
2044 1547 2139 1607 ad-

140 1648 318 1690 versa
349 1640 408 1691 et
438 1648 614 1690 saeva
645 1640 849 1692 cuncta
884 1636 1234 1710 perpessus,
1277 1631 1434 1691 nullo
1472 1633 1655 1708 magis
1698 1633 2009 1692 exterritus
2052 1638 2209 1690 est¹⁰

144 1733 313 1793 quam
346 1715 501 1793 quod
531 1715 823 1775 Tiberium
853 1717 977 1775 sine
1015 1717 1417 1791 miseratione,
1466 1716 1592 1775 sine
1634 1717 1751 1791 ira,
1797 1716 2141 1799 obstinatum

147 1798 520 1877 clausumque
544 1800 703 1876 vidit,
736 1818 808 1859 nc
841 1816 955 1879 quo
987 1800 1220 1867 adfectu
1252 1807 1737 1879 perrumperetur.
1796 1799 2013 1860 relatus
2037 1798 2141 1859 do·¹

140 1901 311 1959 mum,
342 1894 628 1961 tamquam
661 1883 1062 1945 defensionem
1095 1886 1153 1943 in
1187 1892 1483 1962 posterum
1514 1881 1919 1957 meditaretur,
1955 1899 2141 1960 pauca

143 1969 459 2029 conscribit
490 1968 876 2048 obsignatque
913 1978 971 2029 et
1013 1966 1225 2028 liberto
1266 1966 1466 2034 tradit;
1511 1974 1627 2025 tum
1672 1964 1842 2025 solita
1888 1966 2139 2024 curando

141 2054 378 2130 corpori
414 2055 772 2130 exsequitur.
842 2054 976 2113 dein
1002 2053 1234 2112 multam
1269 2059 1402 2130 post
1431 2058 1683 2124 noctem,
1718 2065 1957 2125 egressa
1982 2048 2137 2108 cubi·
2161 2053 2209 2092 ¹⁶

140 2135 277 2193 culo
309 2153 518 2209 uxore,
555 2138 778 2214 operiri
802 2136 964 2196 fores
993 2138 1190 2204 iussit;
1235 2143 1295 2193 et
1346 2143 1559 2213 coepta
1587 2133 1718 2194 luce
1750 2132 2027 2211 perfosso
2058 2132 2141 2191 iu-

138 2216 307 2292 gulo,
341 2219 568 2296 iacente
595 2219 750 2278 humi
776 2218 994 2295 gladio,
1025 2227 1295 2298 repertus
1330 2227 1439 2277 est.

273 2299 374 2361 16.
428 2299 642 2361 Audire
675 2319 766 2361 me
795 2303 1023 2361 memini
1054 2321 1128 2362 ex
1165 2302 1491 2363 senioribus
1521 2305 1705 2364 visum
1735 2302 1967 2381 saepius
1993 2301 2142 2360 inter

135 2400 350 2443 manus·
375 2383 598 2443 Pisonis
628 2384 905 2464 libellum,
944 2403 1114 2463 quem
1146 2387 1275 2463 ipse
1305 2404 1421 2446 non
1458 2386 1813 2463 vulgaverit;
1856 2385 1963 2444 sed
2005 2384 2139 2444 ami·
2248 2399 2250 2402 ⁴

141 2485 248 2528 cos
277 2469 404 2527 eius
442 2467 821 2546 dictitavisse,
859 2470 1059 2530 literas
1091 2469 1306 2530 Tiberii
1336 2481 1395 2531 et
1433 2471 1697 2531 mandata
1746 2470 1803 2526 in
1848 2466 2150 2528 German&

143 2569 268 2610 cum
303 2551 606 2628 contineri,
640 2570 710 2612 ac
733 2553 1072 2614 destinatum
1102 2571 1372 2632 promere
1396 2555 1551 2634 apud
1570 2563 1769 2633 patres
1792 2551 2137 2630 principem-

143 2653 254 2713 que
289 2653 574 2712 arguere,
625 2638 681 2696 ni
723 2637 920 2698 elusus
965 2657 1000 2700 a
1045 2639 1259 2699 Seiano
1303 2656 1412 2716 per
1446 2656 1591 2699 vana
1638 2637 1920 2714 promissa
1954 2633 2135 2709 forct3
2162 2645 2187 2683 ⁵

142 2737 248 2779 nec
279 2719 440 2779 illum
468 2729 679 2798 sponte
711 2723 1043 2798 extinctum,
1076 2741 1277 2783 verum
1308 2722 1544 2782 inmisso
1566 2737 1938 2800 percussore.
1995 2734 2137 2795 quo—

143 2821 260 2863 rum
308 2812 568 2862 neutrum
613 2805 1110 2866 adseveraverim:
1169 2824 1361 2885 neque
1410 2816 1599 2866 tamen
1642 2804 1920 2865 occulere
1970 2799 2142 2861 debui

143 2896 428 2947 narratum
459 2885 530 2945 ah
561 2889 631 2946 iis
666 2891 762 2970 qui
793 2899 1045 2951 nostram
1074 2890 1148 2950 ad
1177 2892 1464 2951 iuventam
1494 2891 1859 2950 duraverunt.
1921 2883 2141 2946 Caesar

144 2968 296 3030 flexo
327 2973 385 3030 in
413 2973 754 3032 maestitiam
785 2990 891 3032 ore
933 2991 1088 3033 suam
1138 2974 1407 3036 invidiam
1450 2974 1551 3034 tali
1590 2983 1778 3033 morte
1819 2969 2139 3050 quaesitam
2192 2979 2201 2988 ’

145 3055 290 3131 apud
321 3063 582 3114 senatum
614 3064 979 3136 conquestus
1007 3056 1092 3118 M.
1133 3058 1417 3120 Pisonem
1444 3059 1665 3123 vocari
1691 3055 1860 3118 iubet
1887 3051 2207 3114 crebris-1⁰

149 3154 256 3212 que
289 3139 840 3217 interrogationibus
871 3143 1158 3220 exquirit,
1201 3142 1430 3220 qualem
1466 3142 1599 3202 Piso
1629 3142 1782 3202 diem
1810 3153 2138 3218 supremum

147 3230 491 3300 noctemque
527 3225 844 3300 exegisset.
905 3235 1079 3304 atque
1113 3226 1216 3286 illo
1259 3226 1542 3305 pleraque
1584 3227 1911 3304 sapienter,
1962 3237 2136 3298 quae-

147 3301 267 3363 dam
296 3305 676 3367 inconsultius
699 3309 1126 3388 respondente,
1166 3310 1376 3370 recitat
1420 3307 1726 3369 codicillos
1775 3326 1809 3368 a
1839 3306 2049 3367 Pisone
2081 3305 2139 3361 in

145 3384 290 3448 hunc
320 3389 502 3449 ferme
529 3392 760 3451 modum
789 3394 1176 3472 compositos:
1213 3395 1232 3425 ‘
1251 3394 1677 3472 conspiratione
1700 3391 2055 3451 inimicorum
2079 3396 2137 3446 et

147 3469 350 3532 invidia
379 3472 512 3532 falsi
543 3475 791 3537 criminis
822 3494 1166 3556 oppressus,
1200 3487 1481 3556 quatenus
1509 3471 1738 3538 veritati
1768 3485 1827 3536 et
1861 3478 2131 3538 innocen·
2158 3498 2205 3537 15
