<?xml version="1.0" encoding="UTF-8"?>
<!DOCTYPE html PUBLIC "-//W3C//DTD XHTML 1.0 Transitional//EN"
    "http://www.w3.org/TR/xhtml1/DTD/xhtml1-transitional.dtd">
<html xmlns="http://www.w3.org/1999/xhtml" xml:lang="en" lang="en">
 <head>
  <title>
</title>
<meta http-equiv="Content-Type" content="text/html;charset=utf-8" />
  <meta name='ocr-system' content='tesseract 3.04.00' />
  <meta name='ocr-capabilities' content='ocr_page ocr_carea ocr_par ocr_line ocrx_word'/>
</head>
<body>
  <div class='ocr_page' id='page_1' title='image "./corneltacitilib00unkngoog_0192.png"; bbox 0 0 2475 4000; ppageno 0'>
   <div class='ocr_carea' id='block_1_1' title="bbox 267 161 1753 225">
    <p class='ocr_par' dir='ltr' id='par_1_1' title="bbox 267 161 1753 225">
     <span class='ocr_line' id='line_1_1' title="bbox 267 161 1753 225; baseline -0.012 -1"><span class='ocrx_word' id='word_1_1' title='bbox 267 162 383 225; x_wconf 85' lang='lat'><strong>132</strong></span> <span class='ocrx_word' id='word_1_2' title='bbox 761 165 1086 213; x_wconf 67' lang='lat' dir='ltr'><strong>commu</strong></span> <span class='ocrx_word' id='word_1_3' title='bbox 1117 162 1351 211; x_wconf 71' lang='lat' dir='ltr'><strong>nom</strong></span> <span class='ocrx_word' id='word_1_4' title='bbox 1386 161 1753 209; x_wconf 62' lang='lat' dir='ltr'><strong>nummum</strong></span> 
     </span>
    </p>
   </div>
   <div class='ocr_carea' id='block_1_2' title="bbox 201 313 2326 3488">
    <p class='ocr_par' dir='ltr' id='par_1_2' title="bbox 201 313 2326 3488">
     <span class='ocr_line' id='line_1_2' title="bbox 265 313 2255 399; baseline -0.007 -13"><span class='ocrx_word' id='word_1_5' title='bbox 265 327 478 398; x_wconf 79' lang='lat' dir='ltr'><strong>aviam,</strong></span> <span class='ocrx_word' id='word_1_6' title='bbox 526 320 801 399; x_wconf 87' lang='lat' dir='ltr'><strong>propiora</strong></span> <span class='ocrx_word' id='word_1_7' title='bbox 839 318 1096 379; x_wconf 85' lang='lat' dir='ltr'><strong>consilia.</strong></span> <span class='ocrx_word' id='word_1_8' title='bbox 1163 314 1479 394; x_wconf 82' lang='lat' dir='ltr'><strong>simplicius</strong></span> <span class='ocrx_word' id='word_1_9' title='bbox 1510 322 1794 389; x_wconf 86' lang='lat' dir='ltr'><strong>acturum,</strong></span> <span class='ocrx_word' id='word_1_10' title='bbox 1832 314 1904 373; x_wconf 87' lang='lat' dir='ltr'><strong>de</strong></span> <span class='ocrx_word' id='word_1_11' title='bbox 1942 313 2255 373; x_wconf 87' lang='lat' dir='ltr'><strong>inimicitiis</strong></span> 
     </span>
     <span class='ocr_line' id='line_1_3' title="bbox 201 388 2255 489; baseline -0.005 -21"><span class='ocrx_word' id='word_1_12' title='bbox 201 435 248 474; x_wconf 89' lang='lat'><strong>10</strong></span> <span class='ocrx_word' id='word_1_13' title='bbox 266 409 502 489; x_wconf 89' lang='lat' dir='ltr'><strong>primum</strong></span> <span class='ocrx_word' id='word_1_14' title='bbox 533 404 918 482; x_wconf 82' lang='lat' dir='ltr'><strong>Agrippinae,</strong></span> <span class='ocrx_word' id='word_1_15' title='bbox 954 419 1094 479; x_wconf 87' lang='lat' dir='ltr'><strong>quas</strong></span> <span class='ocrx_word' id='word_1_16' title='bbox 1133 400 1310 477; x_wconf 87' lang='lat' dir='ltr'><strong>longe</strong></span> <span class='ocrx_word' id='word_1_17' title='bbox 1338 388 1527 459; x_wconf 66' lang='lat' dir='ltr'><strong>acrius</strong></span> <span class='ocrx_word' id='word_1_18' title='bbox 1562 414 1823 473; x_wconf 89' lang='lat' dir='ltr'><strong>arsuras,</strong></span> <span class='ocrx_word' id='word_1_19' title='bbox 1871 399 1921 455; x_wconf 92' lang='lat' dir='ltr'><strong>si</strong></span> <span class='ocrx_word' id='word_1_20' title='bbox 1964 400 2255 457; x_wconf 86' lang='lat' dir='ltr'><strong>matrimo-</strong></span> 
     </span>
     <span class='ocr_line' id='line_1_4' title="bbox 267 480 2257 564; baseline -0.005 -15"><span class='ocrx_word' id='word_1_21' title='bbox 267 494 416 551; x_wconf 88' lang='lat' dir='ltr'><strong>nium</strong></span> <span class='ocrx_word' id='word_1_22' title='bbox 454 487 648 547; x_wconf 87' lang='lat' dir='ltr'><strong>Liviae</strong></span> <span class='ocrx_word' id='word_1_23' title='bbox 691 486 845 545; x_wconf 85' lang='lat' dir='ltr'><strong>velut</strong></span> <span class='ocrx_word' id='word_1_24' title='bbox 895 482 951 544; x_wconf 79' lang='lat' dir='ltr'><strong>ih</strong></span> <span class='ocrx_word' id='word_1_25' title='bbox 1003 493 1197 564; x_wconf 89' lang='lat' dir='ltr'><strong>partes</strong></span> <span class='ocrx_word' id='word_1_26' title='bbox 1239 484 1463 543; x_wconf 89' lang='lat' dir='ltr'><strong>domum</strong></span> <span class='ocrx_word' id='word_1_27' title='bbox 1510 480 1822 540; x_wconf 82' lang='lat' dir='ltr'>Caesarum</span> <span class='ocrx_word' id='word_1_28' title='bbox 1864 480 2257 541; x_wconf 86' lang='lat' dir='ltr'><strong>distraxisset.</strong></span> 
     </span>
     <span class='ocr_line' id='line_1_5' title="bbox 269 564 2257 650; baseline -0.005 -17"><span class='ocrx_word' id='word_1_29' title='bbox 269 576 352 633; x_wconf 89' lang='lat' dir='ltr'><strong>sic</strong></span> <span class='ocrx_word' id='word_1_30' title='bbox 379 589 608 650; x_wconf 91' lang='lat' dir='ltr'><strong>quoque</strong></span> <span class='ocrx_word' id='word_1_31' title='bbox 639 572 939 649; x_wconf 76' lang='lat' dir='ltr'><strong>erumpere</strong></span> <span class='ocrx_word' id='word_1_32' title='bbox 972 568 1405 628; x_wconf 81' lang='lat' dir='ltr'><strong>aemulationem</strong></span> <span class='ocrx_word' id='word_1_33' title='bbox 1427 566 1783 641; x_wconf 83' lang='lat' dir='ltr'><strong>feminarum,</strong></span> <span class='ocrx_word' id='word_1_34' title='bbox 1818 582 2003 643; x_wconf 88' lang='lat' dir='ltr'><strong>eaque</strong></span> <span class='ocrx_word' id='word_1_35' title='bbox 2032 564 2257 625; x_wconf 87' lang='lat' dir='ltr'><strong>discor-</strong></span> 
     </span>
     <span class='ocr_line' id='line_1_6' title="bbox 268 646 2259 734; baseline -0.006 -17"><span class='ocrx_word' id='word_1_36' title='bbox 268 658 360 717; x_wconf 90' lang='lat' dir='ltr'><strong>dia</strong></span> <span class='ocrx_word' id='word_1_37' title='bbox 403 664 648 734; x_wconf 81' lang='lat' dir='ltr'><strong>nepotes</strong></span> <span class='ocrx_word' id='word_1_38' title='bbox 693 652 832 713; x_wconf 72' lang='lat' dir='ltr'><strong>silos</strong></span> <span class='ocrx_word' id='word_1_39' title='bbox 876 650 1152 711; x_wconf 84' lang='lat' dir='ltr'><strong>convelli:</strong></span> <span class='ocrx_word' id='word_1_40' title='bbox 1210 650 1340 729; x_wconf 89' lang='lat' dir='ltr'><strong>quid</strong></span> <span class='ocrx_word' id='word_1_41' title='bbox 1376 650 1423 709; x_wconf 92' lang='lat' dir='ltr'><strong>si</strong></span> <span class='ocrx_word' id='word_1_42' title='bbox 1458 646 1781 708; x_wconf 83' lang='lat' dir='ltr'><strong>intendatur</strong></span> <span class='ocrx_word' id='word_1_43' title='bbox 1820 656 2115 708; x_wconf 88' lang='lat' dir='ltr'><strong>certamen</strong></span> <span class='ocrx_word' id='word_1_44' title='bbox 2160 649 2259 708; x_wconf 89' lang='lat' dir='ltr'><strong>tali</strong></span> 
     </span>
     <span class='ocr_line' id='line_1_7' title="bbox 271 732 2260 815; baseline -0.004 -16"><span class='ocrx_word' id='word_1_45' title='bbox 271 736 578 815; x_wconf 84' lang='lat' dir='ltr'><strong>coniugio?</strong></span> <span class='ocrx_word' id='word_1_46' title='bbox 630 737 874 797; x_wconf 81' lang='lat' dir='ltr'><strong>‘falleris</strong></span> <span class='ocrx_word' id='word_1_47' title='bbox 917 736 1092 811; x_wconf 90' lang='lat' dir='ltr'><strong>enim,</strong></span> <span class='ocrx_word' id='word_1_48' title='bbox 1124 736 1364 810; x_wconf 88' lang='lat' dir='ltr'><strong>Seiane,</strong></span> <span class='ocrx_word' id='word_1_49' title='bbox 1414 734 1462 791; x_wconf 87' lang='lat' dir='ltr'><strong>si</strong></span> <span class='ocrx_word' id='word_1_50' title='bbox 1502 742 1558 791; x_wconf 84' lang='lat' dir='ltr'><strong>te</strong></span> <span class='ocrx_word' id='word_1_51' title='bbox 1588 750 1907 791; x_wconf 89' lang='lat' dir='ltr'><strong>mansurum</strong></span> <span class='ocrx_word' id='word_1_52' title='bbox 1950 732 2010 790; x_wconf 89' lang='lat' dir='ltr'><strong>in</strong></span> <span class='ocrx_word' id='word_1_53' title='bbox 2047 733 2260 792; x_wconf 91' lang='lat' dir='ltr'><strong>eodem</strong></span> 
     </span>
     <span class='ocr_line' id='line_1_8' title="bbox 203 814 2257 899; baseline -0.007 -10"><span class='ocrx_word' id='word_1_54' title='bbox 203 850 250 889; x_wconf 87' lang='lat'><strong>15</strong></span> <span class='ocrx_word' id='word_1_55' title='bbox 274 823 472 885; x_wconf 82' lang='lat' dir='ltr'><strong>ordine</strong></span> <span class='ocrx_word' id='word_1_56' title='bbox 527 830 724 899; x_wconf 87' lang='lat' dir='ltr'><strong>putas,</strong></span> <span class='ocrx_word' id='word_1_57' title='bbox 779 830 835 880; x_wconf 90' lang='lat' dir='ltr'><strong>et</strong></span> <span class='ocrx_word' id='word_1_58' title='bbox 879 817 1126 895; x_wconf 80' lang='lat' dir='ltr'><strong>Liviam,</strong></span> <span class='ocrx_word' id='word_1_59' title='bbox 1182 835 1333 895; x_wconf 86' lang='lat' dir='ltr'><strong>quae</strong></span> <span class='ocrx_word' id='word_1_60' title='bbox 1378 816 1517 877; x_wconf 85' lang='lat' dir='ltr'><strong>Gaio</strong></span> <span class='ocrx_word' id='word_1_61' title='bbox 1561 814 1831 891; x_wconf 85' lang='lat' dir='ltr'><strong>Caesari,</strong></span> <span class='ocrx_word' id='word_1_62' title='bbox 1876 831 2016 874; x_wconf 87' lang='lat' dir='ltr'><strong>mox</strong></span> <span class='ocrx_word' id='word_1_63' title='bbox 2061 816 2257 875; x_wconf 88' lang='lat' dir='ltr'><strong>Druso</strong></span> 
     </span>
     <span class='ocr_line' id='line_1_9' title="bbox 271 899 2258 985; baseline -0.005 -18"><span class='ocrx_word' id='word_1_64' title='bbox 271 915 442 985; x_wconf 89' lang='lat' dir='ltr'><strong>nupta</strong></span> <span class='ocrx_word' id='word_1_65' title='bbox 482 906 684 980; x_wconf 81' lang='lat' dir='ltr'><strong>fuerit,</strong></span> <span class='ocrx_word' id='word_1_66' title='bbox 727 922 795 963; x_wconf 90' lang='lat' dir='ltr'><strong>ea</strong></span> <span class='ocrx_word' id='word_1_67' title='bbox 837 910 1024 961; x_wconf 89' lang='lat' dir='ltr'><strong>mente</strong></span> <span class='ocrx_word' id='word_1_68' title='bbox 1064 910 1349 979; x_wconf 89' lang='lat' dir='ltr'><strong>acturam,</strong></span> <span class='ocrx_word' id='word_1_69' title='bbox 1395 910 1453 959; x_wconf 92' lang='lat' dir='ltr'><strong>ut</strong></span> <span class='ocrx_word' id='word_1_70' title='bbox 1495 918 1619 960; x_wconf 90' lang='lat' dir='ltr'><strong>cum</strong></span> <span class='ocrx_word' id='word_1_71' title='bbox 1649 899 1841 977; x_wconf 88' lang='lat' dir='ltr'><strong>equite</strong></span> <span class='ocrx_word' id='word_1_72' title='bbox 1870 899 2136 960; x_wconf 85' lang='lat' dir='ltr'><strong>Romano</strong></span> <span class='ocrx_word' id='word_1_73' title='bbox 2170 917 2258 959; x_wconf 90' lang='lat' dir='ltr'><strong>se-</strong></span> 
     </span>
     <span class='ocr_line' id='line_1_10' title="bbox 271 982 2258 1063; baseline -0.006 -11"><span class='ocrx_word' id='word_1_74' title='bbox 271 998 487 1051; x_wconf 87' lang='lat' dir='ltr'><strong>nescat.</strong></span> <span class='ocrx_word' id='word_1_75' title='bbox 549 1005 666 1063; x_wconf 91' lang='lat' dir='ltr'><strong>ego</strong></span> <span class='ocrx_word' id='word_1_76' title='bbox 711 996 772 1045; x_wconf 87' lang='lat' dir='ltr'><strong>ut</strong></span> <span class='ocrx_word' id='word_1_77' title='bbox 810 988 1020 1062; x_wconf 88' lang='lat' dir='ltr'><strong>sinam,</strong></span> <span class='ocrx_word' id='word_1_78' title='bbox 1067 984 1329 1046; x_wconf 86' lang='lat' dir='ltr'><strong>credisne</strong></span> <span class='ocrx_word' id='word_1_79' title='bbox 1372 1001 1649 1063; x_wconf 89' lang='lat' dir='ltr'><strong>passuros</strong></span> <span class='ocrx_word' id='word_1_80' title='bbox 1691 984 1787 1059; x_wconf 90' lang='lat' dir='ltr'><strong>qui</strong></span> <span class='ocrx_word' id='word_1_81' title='bbox 1829 982 2068 1042; x_wconf 84' lang='lat' dir='ltr'><strong>fratrem</strong></span> <span class='ocrx_word' id='word_1_82' title='bbox 2116 986 2258 1057; x_wconf 89' lang='lat' dir='ltr'><strong>eius,</strong></span> 
     </span>
     <span class='ocr_line' id='line_1_11' title="bbox 272 1064 2260 1153; baseline -0.005 -20"><span class='ocrx_word' id='word_1_83' title='bbox 272 1075 366 1153; x_wconf 92' lang='lat' dir='ltr'><strong>qui</strong></span> <span class='ocrx_word' id='word_1_84' title='bbox 403 1080 625 1151; x_wconf 86' lang='lat' dir='ltr'><strong>patrem</strong></span> <span class='ocrx_word' id='word_1_85' title='bbox 663 1072 1024 1147; x_wconf 89' lang='lat' dir='ltr'><strong>maioresque</strong></span> <span class='ocrx_word' id='word_1_86' title='bbox 1065 1078 1298 1129; x_wconf 89' lang='lat' dir='ltr'><strong>nostros</strong></span> <span class='ocrx_word' id='word_1_87' title='bbox 1337 1069 1391 1127; x_wconf 91' lang='lat' dir='ltr'><strong>in</strong></span> <span class='ocrx_word' id='word_1_88' title='bbox 1436 1069 1664 1127; x_wconf 87' lang='lat' dir='ltr'><strong>summis</strong></span> <span class='ocrx_word' id='word_1_89' title='bbox 1718 1066 1975 1143; x_wconf 88' lang='lat' dir='ltr'><strong>imperiis</strong></span> <span class='ocrx_word' id='word_1_90' title='bbox 2017 1064 2260 1128; x_wconf 79' lang='lat' dir='ltr'><strong>videre?</strong></span> 
     </span>
     <span class='ocr_line' id='line_1_12' title="bbox 272 1149 2261 1234; baseline -0.004 -18"><span class='ocrx_word' id='word_1_91' title='bbox 272 1160 360 1217; x_wconf 85' lang='lat' dir='ltr'><strong>vis</strong></span> <span class='ocrx_word' id='word_1_92' title='bbox 391 1166 450 1215; x_wconf 92' lang='lat' dir='ltr'><strong>tu</strong></span> <span class='ocrx_word' id='word_1_93' title='bbox 483 1155 710 1234; x_wconf 88' lang='lat' dir='ltr'><strong>quidem</strong></span> <span class='ocrx_word' id='word_1_94' title='bbox 737 1156 904 1214; x_wconf 87' lang='lat' dir='ltr'><strong>istum</strong></span> <span class='ocrx_word' id='word_1_95' title='bbox 938 1154 1080 1213; x_wconf 88' lang='lat' dir='ltr'><strong>intra</strong></span> <span class='ocrx_word' id='word_1_96' title='bbox 1113 1153 1301 1229; x_wconf 76' lang='lat' dir='ltr'><strong>locum</strong></span> <span class='ocrx_word' id='word_1_97' title='bbox 1348 1153 1585 1212; x_wconf 87' lang='lat' dir='ltr'><strong>sistere:</strong></span> <span class='ocrx_word' id='word_1_98' title='bbox 1630 1150 1731 1209; x_wconf 90' lang='lat' dir='ltr'><strong>sed</strong></span> <span class='ocrx_word' id='word_1_99' title='bbox 1772 1149 1857 1208; x_wconf 91' lang='lat' dir='ltr'><strong>illi</strong></span> <span class='ocrx_word' id='word_1_100' title='bbox 1889 1153 2261 1228; x_wconf 83' lang='lat' dir='ltr'><strong>magistratus</strong></span> 
     </span>
     <span class='ocr_line' id='line_1_13' title="bbox 205 1233 2257 1317; baseline -0.005 -17"><span class='ocrx_word' id='word_1_101' title='bbox 205 1266 256 1306; x_wconf 81' lang='lat'><strong>20</strong></span> <span class='ocrx_word' id='word_1_102' title='bbox 275 1249 331 1300; x_wconf 86' lang='lat' dir='ltr'><strong>et</strong></span> <span class='ocrx_word' id='word_1_103' title='bbox 366 1241 669 1317; x_wconf 75' lang='lat' dir='ltr'><strong>primoreS,</strong></span> <span class='ocrx_word' id='word_1_104' title='bbox 703 1240 795 1316; x_wconf 90' lang='lat' dir='ltr'><strong>qui</strong></span> <span class='ocrx_word' id='word_1_105' title='bbox 831 1246 888 1296; x_wconf 91' lang='lat' dir='ltr'><strong>te</strong></span> <span class='ocrx_word' id='word_1_106' title='bbox 915 1238 1147 1296; x_wconf 86' lang='lat' dir='ltr'><strong>invitum</strong></span> <span class='ocrx_word' id='word_1_107' title='bbox 1172 1244 1546 1315; x_wconf 90' lang='lat' dir='ltr'><strong>perrumpunt</strong></span> <span class='ocrx_word' id='word_1_108' title='bbox 1574 1234 1951 1311; x_wconf 87' lang='lat' dir='ltr'><strong>omnibusque</strong></span> <span class='ocrx_word' id='word_1_109' title='bbox 1978 1236 2055 1294; x_wconf 91' lang='lat' dir='ltr'><strong>de</strong></span> <span class='ocrx_word' id='word_1_110' title='bbox 2090 1233 2257 1293; x_wconf 89' lang='lat' dir='ltr'><strong>rebus</strong></span> 
     </span>
     <span class='ocr_line' id='line_1_14' title="bbox 276 1318 2248 1399; baseline -0.005 -16"><span class='ocrx_word' id='word_1_111' title='bbox 276 1324 597 1397; x_wconf 86' lang='lat' dir='ltr'><strong>consulunt,</strong></span> <span class='ocrx_word' id='word_1_112' title='bbox 623 1323 952 1380; x_wconf 81' lang='lat' dir='ltr'><strong>excessisse</strong></span> <span class='ocrx_word' id='word_1_113' title='bbox 975 1322 1084 1379; x_wconf 86' lang='lat' dir='ltr'><strong>iam</strong></span> <span class='ocrx_word' id='word_1_114' title='bbox 1112 1318 1331 1399; x_wconf 87' lang='lat' dir='ltr'><strong>pridem</strong></span> <span class='ocrx_word' id='word_1_115' title='bbox 1357 1328 1626 1397; x_wconf 87' lang='lat' dir='ltr'><strong>equestre</strong></span> <span class='ocrx_word' id='word_1_116' title='bbox 1652 1319 1940 1393; x_wconf 85' lang='lat' dir='ltr'><strong>fastigium</strong></span> <span class='ocrx_word' id='word_1_117' title='bbox 1964 1319 2248 1395; x_wconf 85' lang='lat' dir='ltr'><strong>longeque</strong></span> 
     </span>
     <span class='ocr_line' id='line_1_15' title="bbox 277 1400 2251 1481; baseline -0.005 -14"><span class='ocrx_word' id='word_1_118' title='bbox 277 1407 488 1467; x_wconf 88' lang='lat' dir='ltr'><strong>antisse</strong></span> <span class='ocrx_word' id='word_1_119' title='bbox 531 1404 712 1481; x_wconf 88' lang='lat' dir='ltr'><strong>patris</strong></span> <span class='ocrx_word' id='word_1_120' title='bbox 752 1405 862 1461; x_wconf 86' lang='lat' dir='ltr'><strong>mei</strong></span> <span class='ocrx_word' id='word_1_121' title='bbox 895 1404 1170 1463; x_wconf 89' lang='lat' dir='ltr'><strong>amicitias</strong></span> <span class='ocrx_word' id='word_1_122' title='bbox 1211 1420 1328 1462; x_wconf 91' lang='lat' dir='ltr'><strong>non</strong></span> <span class='ocrx_word' id='word_1_123' title='bbox 1374 1402 1585 1462; x_wconf 88' lang='lat' dir='ltr'><strong>occulti</strong></span> <span class='ocrx_word' id='word_1_124' title='bbox 1622 1402 1811 1461; x_wconf 88' lang='lat' dir='ltr'><strong>ferunt</strong></span> <span class='ocrx_word' id='word_1_125' title='bbox 1848 1419 2082 1479; x_wconf 86' lang='lat' dir='ltr'><strong>perque</strong></span> <span class='ocrx_word' id='word_1_126' title='bbox 2120 1400 2251 1459; x_wconf 77' lang='lat' dir='ltr'><strong>invi·</strong></span> 
     </span>
     <span class='ocr_line' id='line_1_16' title="bbox 277 1485 2263 1563; baseline -0.003 -15"><span class='ocrx_word' id='word_1_127' title='bbox 277 1490 424 1548; x_wconf 91' lang='lat' dir='ltr'><strong>diam</strong></span> <span class='ocrx_word' id='word_1_128' title='bbox 453 1489 530 1545; x_wconf 87' lang='lat' dir='ltr'><strong>tui</strong></span> <span class='ocrx_word' id='word_1_129' title='bbox 557 1502 648 1543; x_wconf 91' lang='lat' dir='ltr'><strong>me</strong></span> <span class='ocrx_word' id='word_1_130' title='bbox 680 1503 908 1563; x_wconf 91' lang='lat' dir='ltr'><strong>quoque</strong></span> <span class='ocrx_word' id='word_1_131' title='bbox 937 1488 1214 1545; x_wconf 87' lang='lat' dir='ltr'><strong>incusant.</strong></span> <span class='ocrx_word' id='word_1_132' title='bbox 1267 1495 1325 1545; x_wconf 89' lang='lat' dir='ltr'><strong>at</strong></span> <span class='ocrx_word' id='word_1_133' title='bbox 1370 1486 1518 1545; x_wconf 89' lang='lat' dir='ltr'><strong>enim</strong></span> <span class='ocrx_word' id='word_1_134' title='bbox 1547 1485 1841 1561; x_wconf 86' lang='lat' dir='ltr'><strong>Augustus</strong></span> <span class='ocrx_word' id='word_1_135' title='bbox 1884 1485 2062 1544; x_wconf 82' lang='lat' dir='ltr'><strong>filiam</strong></span> <span class='ocrx_word' id='word_1_136' title='bbox 2110 1502 2263 1543; x_wconf 86' lang='lat' dir='ltr'><strong>suam</strong></span> 
     </span>
     <span class='ocr_line' id='line_1_17' title="bbox 279 1568 2263 1649; baseline -0.002 -18"><span class='ocrx_word' id='word_1_137' title='bbox 279 1570 454 1649; x_wconf 89' lang='lat' dir='ltr'><strong>equiti</strong></span> <span class='ocrx_word' id='word_1_138' title='bbox 483 1570 742 1631; x_wconf 90' lang='lat' dir='ltr'><strong>Romano</strong></span> <span class='ocrx_word' id='word_1_139' title='bbox 771 1568 998 1628; x_wconf 85' lang='lat' dir='ltr'><strong>tradere</strong></span> <span class='ocrx_word' id='word_1_140' title='bbox 1029 1568 1331 1629; x_wconf 89' lang='lat' dir='ltr'><strong>meditatus</strong></span> <span class='ocrx_word' id='word_1_141' title='bbox 1360 1579 1465 1629; x_wconf 88' lang='lat' dir='ltr'><strong>est.</strong></span> <span class='ocrx_word' id='word_1_142' title='bbox 1523 1572 1719 1627; x_wconf 90' lang='lat' dir='ltr'><strong>mirum</strong></span> <span class='ocrx_word' id='word_1_143' title='bbox 1744 1568 1987 1628; x_wconf 86' lang='lat' dir='ltr'><strong>hercule</strong></span> <span class='ocrx_word' id='word_1_144' title='bbox 2008 1614 2025 1645; x_wconf 95' lang='lat'><strong>,</strong></span> <span class='ocrx_word' id='word_1_145' title='bbox 2061 1571 2112 1628; x_wconf 87' lang='lat' dir='ltr'><strong>si</strong></span> <span class='ocrx_word' id='word_1_146' title='bbox 2144 1588 2263 1628; x_wconf 90' lang='lat' dir='ltr'><strong>cum</strong></span> 
     </span>
     <span class='ocr_line' id='line_1_18' title="bbox 208 1650 2265 1730; baseline -0.003 -13"><span class='ocrx_word' id='word_1_147' title='bbox 208 1658 334 1718; x_wconf 78' lang='lat' dir='ltr'><strong>25in</strong></span> <span class='ocrx_word' id='word_1_148' title='bbox 373 1655 556 1713; x_wconf 90' lang='lat' dir='ltr'><strong>omnis</strong></span> <span class='ocrx_word' id='word_1_149' title='bbox 587 1670 752 1712; x_wconf 91' lang='lat' dir='ltr'><strong>curas</strong></span> <span class='ocrx_word' id='word_1_150' title='bbox 788 1650 1196 1711; x_wconf 87' lang='lat' dir='ltr'><strong>distraheretur</strong></span> <span class='ocrx_word' id='word_1_151' title='bbox 1225 1653 1666 1730; x_wconf 90' lang='lat' dir='ltr'><strong>immensumque</strong></span> <span class='ocrx_word' id='word_1_152' title='bbox 1708 1652 1890 1711; x_wconf 88' lang='lat' dir='ltr'><strong>attolli</strong></span> <span class='ocrx_word' id='word_1_153' title='bbox 1924 1652 2265 1730; x_wconf 80' lang='lat' dir='ltr'><strong>provideret</strong></span> 
     </span>
     <span class='ocr_line' id='line_1_19' title="bbox 281 1733 2265 1815; baseline -0.001 -18"><span class='ocrx_word' id='word_1_154' title='bbox 281 1756 448 1815; x_wconf 90' lang='lat' dir='ltr'><strong>quem</strong></span> <span class='ocrx_word' id='word_1_155' title='bbox 485 1737 886 1797; x_wconf 88' lang='lat' dir='ltr'><strong>coniunctione</strong></span> <span class='ocrx_word' id='word_1_156' title='bbox 919 1734 1017 1795; x_wconf 90' lang='lat' dir='ltr'><strong>tali</strong></span> <span class='ocrx_word' id='word_1_157' title='bbox 1048 1754 1223 1814; x_wconf 89' lang='lat' dir='ltr'><strong>super</strong></span> <span class='ocrx_word' id='word_1_158' title='bbox 1257 1737 1404 1796; x_wconf 89' lang='lat' dir='ltr'><strong>alios</strong></span> <span class='ocrx_word' id='word_1_159' title='bbox 1434 1738 1766 1811; x_wconf 78' lang='lat' dir='ltr'><strong>extulisset,</strong></span> <span class='ocrx_word' id='word_1_160' title='bbox 1799 1733 1863 1794; x_wconf 80' lang='lat' dir='ltr'><strong>G.</strong></span> <span class='ocrx_word' id='word_1_161' title='bbox 1898 1735 2265 1797; x_wconf 89' lang='lat' dir='ltr'><strong>Proculeium</strong></span> 
     </span>
     <span class='ocr_line' id='line_1_20' title="bbox 281 1818 2262 1897; baseline 0 -18"><span class='ocrx_word' id='word_1_162' title='bbox 281 1829 338 1879; x_wconf 88' lang='lat' dir='ltr'><strong>et</strong></span> <span class='ocrx_word' id='word_1_163' title='bbox 373 1820 647 1897; x_wconf 88' lang='lat' dir='ltr'><strong>quosdam</strong></span> <span class='ocrx_word' id='word_1_164' title='bbox 689 1820 746 1877; x_wconf 90' lang='lat' dir='ltr'><strong>in</strong></span> <span class='ocrx_word' id='word_1_165' title='bbox 788 1818 1146 1879; x_wconf 86' lang='lat' dir='ltr'><strong>sermonibus</strong></span> <span class='ocrx_word' id='word_1_166' title='bbox 1181 1820 1374 1880; x_wconf 89' lang='lat' dir='ltr'><strong>habuit</strong></span> <span class='ocrx_word' id='word_1_167' title='bbox 1402 1822 1611 1897; x_wconf 85' lang='lat' dir='ltr'><strong>insigni</strong></span> <span class='ocrx_word' id='word_1_168' title='bbox 1643 1820 2055 1896; x_wconf 87' lang='lat' dir='ltr'><strong>tranquillitate</strong></span> <span class='ocrx_word' id='word_1_169' title='bbox 2086 1821 2262 1895; x_wconf 87' lang='lat' dir='ltr'><strong>vitae,</strong></span> 
     </span>
     <span class='ocr_line' id='line_1_21' title="bbox 279 1897 2263 1983; baseline -0.001 -20"><span class='ocrx_word' id='word_1_170' title='bbox 279 1903 446 1963; x_wconf 91' lang='lat' dir='ltr'><strong>nullis</strong></span> <span class='ocrx_word' id='word_1_171' title='bbox 497 1903 582 1963; x_wconf 89' lang='lat' dir='ltr'><strong>rei</strong></span> <span class='ocrx_word' id='word_1_172' title='bbox 639 1902 905 1983; x_wconf 89' lang='lat' dir='ltr'><strong>publicae</strong></span> <span class='ocrx_word' id='word_1_173' title='bbox 952 1905 1200 1981; x_wconf 85' lang='lat' dir='ltr'><strong>negotiis</strong></span> <span class='ocrx_word' id='word_1_174' title='bbox 1244 1906 1577 1981; x_wconf 83' lang='lat' dir='ltr'><strong>permixtos.</strong></span> <span class='ocrx_word' id='word_1_175' title='bbox 1660 1902 1765 1963; x_wconf 89' lang='lat' dir='ltr'><strong>sed</strong></span> <span class='ocrx_word' id='word_1_176' title='bbox 1815 1905 1860 1961; x_wconf 88' lang='lat' dir='ltr'><strong>si</strong></span> <span class='ocrx_word' id='word_1_177' title='bbox 1907 1897 2263 1964; x_wconf 79' lang='lat' dir='ltr'><strong>dubitatione</strong></span> 
     </span>
     <span class='ocr_line' id='line_1_22' title="bbox 279 1986 2326 2068; baseline -0.001 -20"><span class='ocrx_word' id='word_1_178' title='bbox 279 1986 522 2064; x_wconf 80' lang='lat' dir='ltr'><strong>Augusti</strong></span> <span class='ocrx_word' id='word_1_179' title='bbox 553 2006 864 2066; x_wconf 86' lang='lat' dir='ltr'><strong>movemur,</strong></span> <span class='ocrx_word' id='word_1_180' title='bbox 891 1998 1101 2068; x_wconf 89' lang='lat' dir='ltr'><strong>quanto</strong></span> <span class='ocrx_word' id='word_1_181' title='bbox 1131 1987 1379 2051; x_wconf 89' lang='lat' dir='ltr'><strong>validius</strong></span> <span class='ocrx_word' id='word_1_182' title='bbox 1410 1987 1677 2066; x_wconf 87' lang='lat' dir='ltr'><strong>estquod</strong></span> <span class='ocrx_word' id='word_1_183' title='bbox 1700 1986 1899 2048; x_wconf 88' lang='lat' dir='ltr'><strong>Marco</strong></span> <span class='ocrx_word' id='word_1_184' title='bbox 1930 1986 2261 2066; x_wconf 86' lang='lat' dir='ltr'><strong>Agrippae,</strong></span> <span class='ocrx_word' id='word_1_185' title='bbox 2310 1994 2326 2002; x_wconf 80' lang='grc'>’</span> 
     </span>
     <span class='ocr_line' id='line_1_23' title="bbox 214 2070 2261 2151; baseline -0.002 -17"><span class='ocrx_word' id='word_1_186' title='bbox 214 2089 413 2134; x_wconf 74' lang='lat' dir='ltr'><strong>somox</strong></span> <span class='ocrx_word' id='word_1_187' title='bbox 450 2072 583 2132; x_wconf 90' lang='lat' dir='ltr'><strong>mihi</strong></span> <span class='ocrx_word' id='word_1_188' title='bbox 621 2072 994 2134; x_wconf 65' lang='lat' dir='ltr'><strong>conlocavit?</strong></span> <span class='ocrx_word' id='word_1_189' title='bbox 1029 2082 1198 2151; x_wconf 88' lang='lat' dir='ltr'><strong>atque</strong></span> <span class='ocrx_word' id='word_1_190' title='bbox 1245 2089 1359 2148; x_wconf 91' lang='lat' dir='ltr'><strong>ego</strong></span> <span class='ocrx_word' id='word_1_191' title='bbox 1403 2070 1552 2132; x_wconf 88' lang='lat' dir='ltr'><strong>haec</strong></span> <span class='ocrx_word' id='word_1_192' title='bbox 1596 2089 1703 2150; x_wconf 87' lang='lat' dir='ltr'><strong>pro</strong></span> <span class='ocrx_word' id='word_1_193' title='bbox 1731 2072 1976 2130; x_wconf 88' lang='lat' dir='ltr'><strong>amicitia</strong></span> <span class='ocrx_word' id='word_1_194' title='bbox 2017 2089 2141 2130; x_wconf 85' lang='lat' dir='ltr'><strong>non</strong></span> <span class='ocrx_word' id='word_1_195' title='bbox 2170 2090 2261 2130; x_wconf 92' lang='lat' dir='ltr'><strong>oc·</strong></span> 
     </span>
     <span class='ocr_line' id='line_1_24' title="bbox 283 2153 2260 2233; baseline 0 -19"><span class='ocrx_word' id='word_1_196' title='bbox 283 2155 518 2214; x_wconf 84' lang='lat' dir='ltr'><strong>cultavi:</strong></span> <span class='ocrx_word' id='word_1_197' title='bbox 565 2163 816 2214; x_wconf 89' lang='lat' dir='ltr'><strong>ceterum</strong></span> <span class='ocrx_word' id='word_1_198' title='bbox 855 2174 1044 2233; x_wconf 90' lang='lat' dir='ltr'><strong>neque</strong></span> <span class='ocrx_word' id='word_1_199' title='bbox 1085 2159 1196 2215; x_wconf 90' lang='lat' dir='ltr'><strong>tuis</strong></span> <span class='ocrx_word' id='word_1_200' title='bbox 1235 2173 1427 2233; x_wconf 91' lang='lat' dir='ltr'><strong>neque</strong></span> <span class='ocrx_word' id='word_1_201' title='bbox 1472 2154 1666 2214; x_wconf 84' lang='lat' dir='ltr'><strong>Liviae</strong></span> <span class='ocrx_word' id='word_1_202' title='bbox 1718 2153 2015 2214; x_wconf 88' lang='lat' dir='ltr'><strong>destinatis</strong></span> <span class='ocrx_word' id='word_1_203' title='bbox 2058 2155 2260 2214; x_wconf 84' lang='lat' dir='ltr'><strong>adver-</strong></span> 
     </span>
     <span class='ocr_line' id='line_1_25' title="bbox 283 2236 2261 2315; baseline -0.001 -17"><span class='ocrx_word' id='word_1_204' title='bbox 283 2236 473 2298; x_wconf 87' lang='lat' dir='ltr'><strong>sabor.</strong></span> <span class='ocrx_word' id='word_1_205' title='bbox 549 2238 675 2315; x_wconf 90' lang='lat' dir='ltr'><strong>ipse</strong></span> <span class='ocrx_word' id='word_1_206' title='bbox 720 2239 852 2315; x_wconf 90' lang='lat' dir='ltr'><strong>quid</strong></span> <span class='ocrx_word' id='word_1_207' title='bbox 897 2240 1041 2299; x_wconf 87' lang='lat' dir='ltr'><strong>intra</strong></span> <span class='ocrx_word' id='word_1_208' title='bbox 1087 2241 1328 2300; x_wconf 90' lang='lat' dir='ltr'><strong>animum</strong></span> <span class='ocrx_word' id='word_1_209' title='bbox 1374 2239 1782 2313; x_wconf 81' lang='lat' dir='ltr'><strong>volutaverim,</strong></span> <span class='ocrx_word' id='word_1_210' title='bbox 1824 2237 2031 2315; x_wconf 89' lang='lat' dir='ltr'><strong>quibus</strong></span> <span class='ocrx_word' id='word_1_211' title='bbox 2076 2239 2261 2298; x_wconf 83' lang='lat' dir='ltr'><strong>adhuc</strong></span> 
     </span>
     <span class='ocr_line' id='line_1_26' title="bbox 283 2317 2255 2401; baseline 0 -22"><span class='ocrx_word' id='word_1_212' title='bbox 283 2317 794 2380; x_wconf 87' lang='lat' dir='ltr'><strong>necessitudinibus</strong></span> <span class='ocrx_word' id='word_1_213' title='bbox 841 2323 1145 2382; x_wconf 91' lang='lat' dir='ltr'><strong>inmiscere</strong></span> <span class='ocrx_word' id='word_1_214' title='bbox 1186 2332 1247 2382; x_wconf 92' lang='lat' dir='ltr'><strong>te</strong></span> <span class='ocrx_word' id='word_1_215' title='bbox 1288 2322 1421 2381; x_wconf 86' lang='lat' dir='ltr'><strong>mihi</strong></span> <span class='ocrx_word' id='word_1_216' title='bbox 1452 2338 1680 2400; x_wconf 80' lang='lat' dir='ltr'><strong>parem,</strong></span> <span class='ocrx_word' id='word_1_217' title='bbox 1712 2323 1960 2381; x_wconf 89' lang='lat' dir='ltr'><strong>omittam</strong></span> <span class='ocrx_word' id='word_1_218' title='bbox 1993 2321 2066 2381; x_wconf 87' lang='lat' dir='ltr'><strong>ad</strong></span> <span class='ocrx_word' id='word_1_219' title='bbox 2098 2340 2255 2401; x_wconf 83' lang='lat' dir='ltr'><strong>prae-</strong></span> 
     </span>
     <span class='ocr_line' id='line_1_27' title="bbox 285 2403 2249 2492; baseline 0 -30"><span class='ocrx_word' id='word_1_220' title='bbox 285 2421 418 2462; x_wconf 85' lang='lat' dir='ltr'><strong>sens</strong></span> <span class='ocrx_word' id='word_1_221' title='bbox 458 2403 710 2462; x_wconf 85' lang='lat' dir='ltr'><strong>referre:</strong></span> <span class='ocrx_word' id='word_1_222' title='bbox 757 2405 813 2464; x_wconf 88' lang='lat' dir='ltr'><strong>id</strong></span> <span class='ocrx_word' id='word_1_223' title='bbox 859 2413 1069 2465; x_wconf 89' lang='lat' dir='ltr'><strong>tantum</strong></span> <span class='ocrx_word' id='word_1_224' title='bbox 1115 2408 1399 2483; x_wconf 84' lang='lat' dir='ltr'><strong>aperiam,</strong></span> <span class='ocrx_word' id='word_1_225' title='bbox 1448 2405 1589 2464; x_wconf 88' lang='lat' dir='ltr'><strong>nihil</strong></span> <span class='ocrx_word' id='word_1_226' title='bbox 1623 2424 1756 2464; x_wconf 90' lang='lat' dir='ltr'><strong>esse</strong></span> <span class='ocrx_word' id='word_1_227' title='bbox 1792 2414 1905 2465; x_wconf 85' lang='lat' dir='ltr'><strong>tam</strong></span> <span class='ocrx_word' id='word_1_228' title='bbox 1942 2406 2249 2492; x_wconf 70' lang='lat' dir='ltr'><strong>excelsum,</strong></span> 
     </span>
     <span class='ocr_line' id='line_1_28' title="bbox 217 2486 2254 2567; baseline 0 -20"><span class='ocrx_word' id='word_1_229' title='bbox 217 2507 266 2547; x_wconf 79' lang='lat'><strong>35</strong></span> <span class='ocrx_word' id='word_1_230' title='bbox 288 2486 441 2565; x_wconf 91' lang='lat' dir='ltr'><strong>quod</strong></span> <span class='ocrx_word' id='word_1_231' title='bbox 469 2503 583 2545; x_wconf 91' lang='lat' dir='ltr'><strong>non</strong></span> <span class='ocrx_word' id='word_1_232' title='bbox 615 2488 850 2547; x_wconf 87' lang='lat' dir='ltr'><strong>virtutes</strong></span> <span class='ocrx_word' id='word_1_233' title='bbox 887 2490 1030 2548; x_wconf 90' lang='lat' dir='ltr'><strong>istae</strong></span> <span class='ocrx_word' id='word_1_234' title='bbox 1061 2498 1304 2567; x_wconf 87' lang='lat' dir='ltr'><strong>tuusque</strong></span> <span class='ocrx_word' id='word_1_235' title='bbox 1333 2492 1390 2548; x_wconf 91' lang='lat' dir='ltr'><strong>in</strong></span> <span class='ocrx_word' id='word_1_236' title='bbox 1417 2508 1507 2548; x_wconf 92' lang='lat' dir='ltr'><strong>me</strong></span> <span class='ocrx_word' id='word_1_237' title='bbox 1538 2491 1753 2548; x_wconf 89' lang='lat' dir='ltr'><strong>animus</strong></span> <span class='ocrx_word' id='word_1_238' title='bbox 1778 2499 2139 2566; x_wconf 86' lang='lat' dir='ltr'><strong>mereantur,</strong></span> <span class='ocrx_word' id='word_1_239' title='bbox 2172 2487 2254 2547; x_wconf 87' lang='lat' dir='ltr'><strong>da-</strong></span> 
     </span>
     <span class='ocr_line' id='line_1_29' title="bbox 286 2572 2199 2649; baseline 0 -19"><span class='ocrx_word' id='word_1_240' title='bbox 286 2580 463 2647; x_wconf 93' lang='lat' dir='ltr'><strong>toque</strong></span> <span class='ocrx_word' id='word_1_241' title='bbox 490 2580 754 2648; x_wconf 89' lang='lat' dir='ltr'><strong>tempore</strong></span> <span class='ocrx_word' id='word_1_242' title='bbox 786 2572 880 2630; x_wconf 84' lang='lat' dir='ltr'><strong>vel</strong></span> <span class='ocrx_word' id='word_1_243' title='bbox 907 2573 962 2630; x_wconf 90' lang='lat' dir='ltr'><strong>in</strong></span> <span class='ocrx_word' id='word_1_244' title='bbox 994 2581 1192 2632; x_wconf 87' lang='lat' dir='ltr'><strong>senatu</strong></span> <span class='ocrx_word' id='word_1_245' title='bbox 1221 2573 1316 2631; x_wconf 86' lang='lat' dir='ltr'><strong>vel</strong></span> <span class='ocrx_word' id='word_1_246' title='bbox 1350 2575 1405 2631; x_wconf 91' lang='lat' dir='ltr'><strong>in</strong></span> <span class='ocrx_word' id='word_1_247' title='bbox 1436 2574 1703 2632; x_wconf 89' lang='lat' dir='ltr'><strong>contione</strong></span> <span class='ocrx_word' id='word_1_248' title='bbox 1737 2591 1850 2632; x_wconf 91' lang='lat' dir='ltr'><strong>non</strong></span> <span class='ocrx_word' id='word_1_249' title='bbox 1883 2572 2199 2649; x_wconf 62' lang='lat' dir='ltr'><strong>reticebo?</strong></span> 
     </span>
     <span class='ocr_line' id='line_1_30' title="bbox 407 2654 2264 2731; baseline -0.001 -17"><span class='ocrx_word' id='word_1_250' title='bbox 407 2654 506 2714; x_wconf 91' lang='grc'><strong>41.</strong></span> <span class='ocrx_word' id='word_1_251' title='bbox 542 2655 787 2716; x_wconf 90' lang='lat' dir='ltr'><strong>Rursum</strong></span> <span class='ocrx_word' id='word_1_252' title='bbox 818 2654 1085 2729; x_wconf 86' lang='lat' dir='ltr'><strong>Seianus,</strong></span> <span class='ocrx_word' id='word_1_253' title='bbox 1133 2674 1247 2715; x_wconf 90' lang='lat' dir='ltr'><strong>non</strong></span> <span class='ocrx_word' id='word_1_254' title='bbox 1279 2657 1386 2716; x_wconf 89' lang='lat' dir='ltr'><strong>iam</strong></span> <span class='ocrx_word' id='word_1_255' title='bbox 1421 2657 1491 2716; x_wconf 89' lang='lat' dir='ltr'><strong>de</strong></span> <span class='ocrx_word' id='word_1_256' title='bbox 1519 2656 1905 2731; x_wconf 89' lang='lat' dir='ltr'><strong>matrimoni0,</strong></span> <span class='ocrx_word' id='word_1_257' title='bbox 1956 2655 2061 2715; x_wconf 84' lang='lat' dir='ltr'><strong>sed</strong></span> <span class='ocrx_word' id='word_1_258' title='bbox 2096 2656 2264 2715; x_wconf 86' lang='lat' dir='ltr'><strong>altius</strong></span> 
     </span>
     <span class='ocr_line' id='line_1_31' title="bbox 287 2739 2265 2816; baseline 0.001 -20"><span class='ocrx_word' id='word_1_259' title='bbox 287 2746 573 2813; x_wconf 82' lang='lat' dir='ltr'><strong>metuens,</strong></span> <span class='ocrx_word' id='word_1_260' title='bbox 605 2739 778 2797; x_wconf 89' lang='lat' dir='ltr'><strong>tacita</strong></span> <span class='ocrx_word' id='word_1_261' title='bbox 808 2739 1208 2814; x_wconf 89' lang='lat' dir='ltr'><strong>suspitionum,</strong></span> <span class='ocrx_word' id='word_1_262' title='bbox 1252 2740 1411 2816; x_wconf 88' lang='lat' dir='ltr'><strong>vulgi</strong></span> <span class='ocrx_word' id='word_1_263' title='bbox 1443 2755 1759 2815; x_wconf 87' lang='lat' dir='ltr'><strong>rumorem,</strong></span> <span class='ocrx_word' id='word_1_264' title='bbox 1794 2741 2158 2814; x_wconf 88' lang='lat' dir='ltr'><strong>ingruentem</strong></span> <span class='ocrx_word' id='word_1_265' title='bbox 2186 2741 2265 2797; x_wconf 91' lang='lat' dir='ltr'><strong>in-</strong></span> 
     </span>
     <span class='ocr_line' id='line_1_32' title="bbox 288 2821 2265 2898; baseline 0 -18"><span class='ocrx_word' id='word_1_266' title='bbox 288 2821 494 2881; x_wconf 87' lang='lat' dir='ltr'><strong>vidiam</strong></span> <span class='ocrx_word' id='word_1_267' title='bbox 527 2821 889 2898; x_wconf 88' lang='lat' dir='ltr'><strong>deprecatur.</strong></span> <span class='ocrx_word' id='word_1_268' title='bbox 938 2837 1006 2879; x_wconf 89' lang='lat' dir='ltr'><strong>ac</strong></span> <span class='ocrx_word' id='word_1_269' title='bbox 1035 2838 1106 2880; x_wconf 91' lang='lat' dir='ltr'><strong>ne</strong></span> <span class='ocrx_word' id='word_1_270' title='bbox 1139 2821 1405 2884; x_wconf 87' lang='lat' dir='ltr'><strong>adsiduos</strong></span> <span class='ocrx_word' id='word_1_271' title='bbox 1434 2825 1491 2882; x_wconf 91' lang='lat' dir='ltr'><strong>in</strong></span> <span class='ocrx_word' id='word_1_272' title='bbox 1521 2824 1744 2882; x_wconf 86' lang='lat' dir='ltr'><strong>domum</strong></span> <span class='ocrx_word' id='word_1_273' title='bbox 1776 2831 1979 2881; x_wconf 89' lang='lat' dir='ltr'><strong>coetus</strong></span> <span class='ocrx_word' id='word_1_274' title='bbox 2006 2821 2265 2881; x_wconf 86' lang='lat' dir='ltr'><strong>arcendo</strong></span> 
     </span>
     <span class='ocr_line' id='line_1_33' title="bbox 288 2904 2271 2984; baseline 0.001 -21"><span class='ocrx_word' id='word_1_275' title='bbox 288 2905 628 2980; x_wconf 83' lang='lat' dir='ltr'><strong>infringeret</strong></span> <span class='ocrx_word' id='word_1_276' title='bbox 653 2904 964 2983; x_wconf 87' lang='lat' dir='ltr'><strong>potentiam</strong></span> <span class='ocrx_word' id='word_1_277' title='bbox 989 2913 1081 2962; x_wconf 87' lang='lat' dir='ltr'><strong>aut</strong></span> <span class='ocrx_word' id='word_1_278' title='bbox 1109 2906 1461 2984; x_wconf 87' lang='lat' dir='ltr'><strong>receptando</strong></span> <span class='ocrx_word' id='word_1_279' title='bbox 1484 2907 1812 2967; x_wconf 81' lang='lat' dir='ltr'><strong>facultatem</strong></span> <span class='ocrx_word' id='word_1_280' title='bbox 1840 2906 2271 2966; x_wconf 88' lang='lat' dir='ltr'><strong>criminantibus</strong></span> 
     </span>
     <span class='ocr_line' id='line_1_34' title="bbox 243 2986 2271 3067; baseline -0.001 -17"><span class='ocrx_word' id='word_1_281' title='bbox 243 2986 630 3066; x_wconf 70' lang='lat' dir='ltr'><strong>spraeberet,</strong></span> <span class='ocrx_word' id='word_1_282' title='bbox 683 2989 793 3047; x_wconf 91' lang='lat' dir='ltr'><strong>huc</strong></span> <span class='ocrx_word' id='word_1_283' title='bbox 840 2986 1028 3062; x_wconf 84' lang='lat' dir='ltr'><strong>flexit,</strong></span> <span class='ocrx_word' id='word_1_284' title='bbox 1071 2997 1131 3046; x_wconf 92' lang='lat' dir='ltr'><strong>ut</strong></span> <span class='ocrx_word' id='word_1_285' title='bbox 1175 2987 1464 3049; x_wconf 89' lang='lat' dir='ltr'><strong>Tiberium</strong></span> <span class='ocrx_word' id='word_1_286' title='bbox 1507 2991 1577 3050; x_wconf 91' lang='lat' dir='ltr'><strong>ad</strong></span> <span class='ocrx_word' id='word_1_287' title='bbox 1623 2992 1792 3049; x_wconf 84' lang='lat' dir='ltr'><strong>vitam</strong></span> <span class='ocrx_word' id='word_1_288' title='bbox 1835 2989 2041 3067; x_wconf 91' lang='lat' dir='ltr'><strong>procul</strong></span> <span class='ocrx_word' id='word_1_289' title='bbox 2080 2990 2271 3050; x_wconf 84' lang='lat' dir='ltr'><strong>Roma</strong></span> 
     </span>
     <span class='ocr_line' id='line_1_35' title="bbox 291 3071 2267 3151; baseline 0.001 -21"><span class='ocrx_word' id='word_1_290' title='bbox 291 3073 544 3131; x_wconf 84' lang='lat' dir='ltr'><strong>amoenis</strong></span> <span class='ocrx_word' id='word_1_291' title='bbox 563 3071 710 3132; x_wconf 87' lang='lat' dir='ltr'><strong>locis</strong></span> <span class='ocrx_word' id='word_1_292' title='bbox 732 3071 1048 3146; x_wconf 89' lang='lat' dir='ltr'><strong>degendam</strong></span> <span class='ocrx_word' id='word_1_293' title='bbox 1070 3072 1411 3150; x_wconf 89' lang='lat' dir='ltr'><strong>impelleret.</strong></span> <span class='ocrx_word' id='word_1_294' title='bbox 1456 3074 1624 3133; x_wconf 89' lang='lat' dir='ltr'><strong>multa</strong></span> <span class='ocrx_word' id='word_1_295' title='bbox 1649 3075 1862 3151; x_wconf 90' lang='lat' dir='ltr'><strong>quippe</strong></span> <span class='ocrx_word' id='word_1_296' title='bbox 1888 3073 2267 3150; x_wconf 85' lang='lat' dir='ltr'><strong>providebat:</strong></span> 
     </span>
     <span class='ocr_line' id='line_1_36' title="bbox 293 3155 2271 3235; baseline -0.001 -21"><span class='ocrx_word' id='word_1_297' title='bbox 293 3175 392 3215; x_wconf 90' lang='lat' dir='ltr'><strong>sua</strong></span> <span class='ocrx_word' id='word_1_298' title='bbox 423 3157 480 3214; x_wconf 92' lang='lat' dir='ltr'><strong>in</strong></span> <span class='ocrx_word' id='word_1_299' title='bbox 519 3174 684 3215; x_wconf 89' lang='lat' dir='ltr'><strong>manu</strong></span> <span class='ocrx_word' id='word_1_300' title='bbox 727 3155 908 3215; x_wconf 89' lang='lat' dir='ltr'><strong>aditus</strong></span> <span class='ocrx_word' id='word_1_301' title='bbox 938 3155 1342 3234; x_wconf 85' lang='lat' dir='ltr'><strong>literarumque</strong></span> <span class='ocrx_word' id='word_1_302' title='bbox 1370 3175 1572 3234; x_wconf 86' lang='lat' dir='ltr'><strong>magna</strong></span> <span class='ocrx_word' id='word_1_303' title='bbox 1604 3175 1677 3215; x_wconf 87' lang='lat' dir='ltr'><strong>ex</strong></span> <span class='ocrx_word' id='word_1_304' title='bbox 1708 3165 1869 3235; x_wconf 89' lang='lat' dir='ltr'><strong>parte</strong></span> <span class='ocrx_word' id='word_1_305' title='bbox 1898 3175 1964 3214; x_wconf 90' lang='lat' dir='ltr'><strong>se</strong></span> <span class='ocrx_word' id='word_1_306' title='bbox 1994 3157 2271 3216; x_wconf 87' lang='lat' dir='ltr'><strong>arbitrum</strong></span> 
     </span>
     <span class='ocr_line' id='line_1_37' title="bbox 290 3239 2269 3317; baseline 0.001 -20"><span class='ocrx_word' id='word_1_307' title='bbox 290 3239 450 3315; x_wconf 79' lang='lat' dir='ltr'><strong>fore,</strong></span> <span class='ocrx_word' id='word_1_308' title='bbox 502 3258 626 3298; x_wconf 91' lang='lat' dir='ltr'><strong>cum</strong></span> <span class='ocrx_word' id='word_1_309' title='bbox 662 3257 765 3316; x_wconf 91' lang='lat' dir='ltr'><strong>per</strong></span> <span class='ocrx_word' id='word_1_310' title='bbox 797 3239 1006 3299; x_wconf 85' lang='lat' dir='ltr'><strong>milites</strong></span> <span class='ocrx_word' id='word_1_311' title='bbox 1038 3248 1446 3309; x_wconf 87' lang='lat' dir='ltr'><strong>commearent;</strong></span> <span class='ocrx_word' id='word_1_312' title='bbox 1486 3258 1618 3299; x_wconf 88' lang='lat' dir='ltr'><strong>mox</strong></span> <span class='ocrx_word' id='word_1_313' title='bbox 1649 3239 1955 3304; x_wconf 84' lang='lat' dir='ltr'><strong>Gaesarem</strong></span> <span class='ocrx_word' id='word_1_314' title='bbox 1983 3249 2269 3317; x_wconf 87' lang='lat' dir='ltr'><strong>vergente</strong></span> 
     </span>
     <span class='ocr_line' id='line_1_38' title="bbox 291 3323 2270 3401; baseline 0.001 -22"><span class='ocrx_word' id='word_1_315' title='bbox 291 3323 399 3380; x_wconf 88' lang='lat' dir='ltr'><strong>iam</strong></span> <span class='ocrx_word' id='word_1_316' title='bbox 437 3331 670 3382; x_wconf 88' lang='lat' dir='ltr'><strong>senecta</strong></span> <span class='ocrx_word' id='word_1_317' title='bbox 713 3332 1059 3401; x_wconf 89' lang='lat' dir='ltr'><strong>secretoque</strong></span> <span class='ocrx_word' id='word_1_318' title='bbox 1105 3323 1222 3384; x_wconf 82' lang='lat' dir='ltr'><strong>loci</strong></span> <span class='ocrx_word' id='word_1_319' title='bbox 1274 3323 1546 3383; x_wconf 91' lang='lat' dir='ltr'><strong>mollitum</strong></span> <span class='ocrx_word' id='word_1_320' title='bbox 1576 3325 1760 3383; x_wconf 90' lang='lat' dir='ltr'><strong>munia</strong></span> <span class='ocrx_word' id='word_1_321' title='bbox 1787 3325 2007 3401; x_wconf 89' lang='lat' dir='ltr'><strong>imperii</strong></span> <span class='ocrx_word' id='word_1_322' title='bbox 2039 3324 2270 3383; x_wconf 87' lang='lat' dir='ltr'><strong>facilius</strong></span> 
     </span>
     <span class='ocr_line' id='line_1_39' title="bbox 227 3405 2271 3488; baseline -0 -22"><span class='ocrx_word' id='word_1_323' title='bbox 227 3429 275 3466; x_wconf 79' lang='grc' dir='ltr'><strong>ιο</strong></span> <span class='ocrx_word' id='word_1_324' title='bbox 297 3409 704 3476; x_wconf 66' lang='lat' dir='ltr'><strong>tramissurum</strong></span> <span class='ocrx_word' id='word_1_325' title='bbox 737 3416 792 3466; x_wconf 96' lang='lat' dir='ltr'><strong>et</strong></span> <span class='ocrx_word' id='word_1_326' title='bbox 819 3409 987 3467; x_wconf 90' lang='lat' dir='ltr'><strong>minui</strong></span> <span class='ocrx_word' id='word_1_327' title='bbox 1013 3406 1122 3467; x_wconf 90' lang='lat' dir='ltr'><strong>sibi</strong></span> <span class='ocrx_word' id='word_1_328' title='bbox 1150 3405 1414 3467; x_wconf 88' lang='lat' dir='ltr'><strong>invidiam</strong></span> <span class='ocrx_word' id='word_1_329' title='bbox 1438 3407 1699 3488; x_wconf 88' lang='lat' dir='ltr'><strong>adempta</strong></span> <span class='ocrx_word' id='word_1_330' title='bbox 1724 3407 2059 3469; x_wconf 86' lang='lat' dir='ltr'><strong>salutantum</strong></span> <span class='ocrx_word' id='word_1_331' title='bbox 2080 3406 2271 3483; x_wconf 80' lang='lat' dir='ltr'><strong>turba,</strong></span> 
     </span>
    </p>
   </div>
   <div class='ocr_carea' id='block_1_3' title="bbox 2438 0 2445 511">
    <p class='ocr_par' dir='ltr' id='par_1_3' title="bbox 2438 0 2445 511">
     <span class='ocr_line' id='line_1_40' title="bbox 2438 0 2445 511; baseline 0 0"><span class='ocrx_word' id='word_1_332' title='bbox 2438 0 2445 511; x_wconf 95' lang='lat' dir='ltr'><strong> </strong></span> 
     </span>
    </p>
   </div>
  </div>
 </body>
</html>
