2475 4000
670 203 881 251 nmen
910 204 1053 252 xw.
1088 203 1237 253 cAP.
1267 202 1508 257 29—33.
1969 190 2093 259 267
2109 160 2112 165 ’

78 355 541 423 Camulodunum
569 374 778 417 recens
806 355 1036 419 deducti
1065 356 1364 437 pellebant
1386 358 1676 437 domibus,
1713 360 2094 423 exturbabant

75 441 279 517 agris,
323 441 624 519 captivos,
673 458 882 501 servos
914 441 1301 522 appellando,
1347 442 1677 503 foventibus
1717 445 2089 522 inpotentiam
2114 464 2162 505 15

80 533 497 587 veteranorum
524 524 794 587 militibus
823 527 1185 588 similitudine
1215 528 1370 588 vitae
1401 536 1462 587 et
1489 544 1596 606 spe
1628 527 1884 591 eiusdem
1914 529 2091 591 licen·

80 611 216 670 tiae.
280 608 356 669 ad
382 609 498 668 hoc
530 609 807 688 templum
832 610 967 673 divo
1000 608 1241 674 Claudio
1271 612 1638 671 constitutum
1674 614 1836 690 quasi
1863 630 1970 674 arx
1993 632 2090 675 ae·

78 702 283 759 ternae
314 692 717 755 dominationis
750 694 1177 775 aspiciebatur,
1223 695 1556 774 delectique
1589 693 1938 757 sacerdotes.
1959 715 2092 775 spe·

82 779 173 839 cie
204 776 511 854 religionis
556 780 740 839 omnis
778 779 1042 849 fortunas
1078 779 1467 841 effundebant.
1527 796 1641 841 nee
1669 778 1902 842 arduum
1932 781 2092 840 vide·

78 862 247 922 batur
291 862 609 923 excindere
649 863 935 926 coloniam
974 863 1146 925 nullis
1191 862 1552 943 munimentis
1596 871 1887 942 saeptam
1939 864 2094 943 quod
2111 906 2164 947 20

78 944 327 1010 ducibus
366 948 583 1007 uostris
628 965 829 1025 parum
866 950 1167 1028 provisum
1194 957 1354 1025 erat,
1410 947 1542 1009 dum
1577 948 1905 1011 amoenitati
1935 948 2094 1027 prius

72 1048 251 1109 quam
281 1032 409 1091 usui
441 1031 774 1093 consulitur.

203 1114 311 1177 32.
366 1113 523 1175 Inter
581 1132 729 1193 quae
779 1116 935 1177 nulla
989 1116 1177 1195 palam
1230 1134 1406 1177 causa
1470 1115 1769 1195 delapsum
1827 1114 2091 1177 Camulo-

77 1198 211 1259 duni
248 1198 615 1260 simulacrum.
633 1201 931 1261 Victoriae
960 1218 1031 1260 ac
1058 1209 1217 1261 retro
1251 1216 1627 1275 conversum,
1660 1198 1823 1279 quasi
1856 1199 2095 1260 cederet

73 1282 366 1342 hostibus,
436 1292 495 1342 et
536 1283 783 1343 feminae
817 1286 873 1342 in
905 1284 1160 1343 furorem
1191 1283 1451 1343 turbatae
1485 1283 1696 1345 adesse
1731 1285 1967 1345 exitium
1999 1302 2092 1347 ca·

72 1366 329 1441 nebant,
372 1374 767 1443 externosque
802 1367 1061 1427 fremitus
1103 1369 1161 1427 iu
1202 1369 1363 1427 curia
1406 1384 1607 1429 eorum
1649 1367 1909 1437 auditos:
1955 1385 2091 1427 con·

74 1450 349 1521 sonuisse
391 1444 701 1509 ululatibus
735 1449 1018 1512 theatrum
1062 1452 1360 1529 visamque
1403 1453 1666 1531 speciem
1711 1452 1770 1511 in
1801 1453 2136 1519 aestuari05

71 1535 365 1613 Tamesae
412 1531 733 1593 subversae
776 1532 1079 1593 coloniae:
1124 1535 1235 1593 iam
1268 1533 1534 1595 Oceanus
1569 1544 1812 1597 cruento
1849 1544 2091 1613 aspectu

44 1622 141 1679 'et
188 1615 485 1689 dilabente
540 1625 703 1677 aestu
752 1615 1123 1677 bumanorum
1176 1635 1488 1697 corporum
1538 1618 1772 1695 effigies
1825 1618 2090 1695 relictae,

74 1711 134 1761 ut
174 1702 465 1761 Britannis
508 1700 581 1761 ad
606 1719 817 1779 spem,
866 1702 945 1761 ita
995 1704 1290 1763 veteranis
1333 1702 1405 1763 ad
1445 1711 1655 1763 metum
1698 1701 2088 1764 trahebantur.

76 1785 181 1845 sed
228 1786 363 1864 quia
405 1784 613 1863 procul
644 1785 957 1859 Suetonius
998 1785 1231 1861 aberat,
1278 1788 1544 1863 petivere
1587 1804 1622 1847 a
1653 1783 1798 1845 Cato
1827 1786 2090 1847 Deciano

77 1878 463 1948 procuratore
498 1868 785 1931 auxilium.
860 1870 963 1931 ille
995 1868 1144 1931 lsaud
1179 1869 1422 1947 amplius
1455 1872 1624 1947 quani
1652 1867 1934 1931 ducentos
1964 1871 2092 1930 sine
2112 1889 2162 1929 ιο

74 1954 245 2014 iustis
286 1954 457 2014 armis
498 1954 676 2024 misit;
723 1961 791 2026 et,
826 1956 1013 2016 inerat
1056 1952 1284 2014 modica
1325 1951 1562 2014 militum
1607 1969 1824 2014 manus.
1911 1953 2092 2014 tutela

72 2037 283 2115 templi
322 2037 485 2112 freti,
529 2047 588 2098 et
632 2037 1074 2117 impedientibus
1104 2039 1200 2115 qui
1243 2036 1458 2097 occulti
1489 2034 1834 2096 rebellionis
1865 2037 2091 2096 conscii

75 2120 327 2182 consilia
370 2121 705 2196 turbabant,
758 2139 949 2200 neque
995 2121 1215 2181 fossam
1261 2129 1354 2181 aut
1382 2117 1596 2180 vallum
1639 2120 2089 2201 praeduxerunt,

70 2203 273 2280 neque
314 2205 485 2265 motis
517 2204 752 2264 senibus
794 2215 853 2263 et
892 2204 1117 2264 feminis
1159 2206 1424 2276 iuventus
1471 2204 1600 2266 sola
1641 2207 1880 2266 restitit:
1925 2205 2091 2282 quasi

68 2285 267 2347 media
299 2304 446 2364 pace
493 2289 703 2346 incauti
749 2287 1102 2348 multitudine
1134 2287 1512 2351 harbarorum
1539 2289 2086 2371 circumveniuntur.
2112 2309 2161 2351 15

74 2381 135 2431 et
162 2377 372 2432 ⁴cetera
416 2370 643 2448 quidem
684 2372 899 2450 impetu
942 2372 1169 2452 direpta
1196 2380 1292 2433 aut
1319 2374 1556 2436 incensa
1587 2381 1749 2434 sunt:
1789 2373 2086 2452 templum,

68 2457 141 2516 in¹
162 2471 283 2533 quo
314 2473 379 2515 se
413 2455 580 2514 miles
613 2455 1103 2533 conglobaverat,
1132 2457 1310 2518 biduo
1336 2455 1642 2518 obsessum
1675 2465 2087 2537 expugnatum-

74 2558 213 2617 que.
278 2549 337 2600 et
368 2540 555 2600 vietor
582 2538 885 2600 Britannus
905 2540 1113 2601 Petilio
1139 2540 1355 2602 Ceriali
1386 2541 1584 2618 legato
1615 2541 1872 2618 legionis
1899 2553 2090 2601 nonae

72 2625 131 2682 in
158 2623 473 2684 subsidium
512 2623 841 2684 adventanti
876 2623 1083 2686 obvius
1124 2625 1270 2686 fudit
1310 2625 1639 2703 legionem,
1685 2634 1744 2685 et
1787 2623 1946 2704 quod
1990 2641 2090 2703 pe-

76 2707 251 2782 ditum
294 2705 614 2768 inte'rfecit:
670 2706 915 2768 Cerialis
959 2727 1085 2768 cum
1132 2708 1422 2788 equitibus
1462 2711 1652 2770 evasit
1700 2711 1758 2770 in
1805 2717 1996 2770 castra
2031 2715 2162 2768 etw

78 2795 441 2854 munimentis
491 2790 769 2853 defensus
822 2801 931 2852 est.
1021 2811 1133 2873 qua
1188 2793 1353 2854 clade
1405 2802 1469 2854 et
1522 2793 1670 2854 odiis
1727 2792 2089 2876 provinciae,

75 2894 245 2953 quam
274 2877 511 2937 avaritia
542 2877 599 2936 in
628 2874 842 2938 bellum
880 2887 1117 2955 egerat,
1153 2877 1414 2957 trepidus
1448 2886 1794 2957 procurator
1826 2874 2002 2938 Catus
2034 2876 2092 2934 iu

79 2957 323 3022 Galliam
350 2954 593 3022 transiit.

201 3046 305 3108 33·
348 3044 429 3106 At
480 3045 791 3106 Suetonius
841 3047 983 3106 mira
1036 3047 1358 3110 constantia
1405 3045 1632 3106 medios
1682 3047 1833 3106 inter
1887 3043 2092 3105 hostes

76 3125 411 3192 Londinium
434 3130 713 3208 perrexit,
744 3139 1132 3206 cognomento
1157 3129 1388 3209 quidem
1411 3129 1682 3190 coloniae
1701 3147 1820 3190 nou
1841 3129 2090 3205 insigne,
2131 3159 2143 3164 -

80 3211 183 3272 sed
234 3214 411 3291 copia
474 3215 901 3291 negotiatorum
952 3223 1010 3274 et
1060 3225 1476 3281 commeatuum
1527 3213 1774 3274 maxime
1827 3210 2090 3274 celebre.

80 3293 157 3354 ibi
196 3296 497 3374 ambiguus
544 3315 615 3358 au
656 3298 808 3360 illam
852 3299 1052 3360 sedem
1094 3295 1620 3375 bello'deligeret‚
1665 3297 2091 3376 circumspecta

77 3376 465 3460 infrequentia
499 3382 697 3442 militis
717 3429 734 3461 ,
771 3385 1027 3462 satisque
1058 3383 1281 3460 magnis
1315 3383 1678 3444 documentis
1705 3381 2086 3442 temeritatem
2111 3393 2137 3434 5

84 3458 269 3552 Petilii
300 3467 649 3544 coercitam,
696 3468 859 3527 unius
904 3468 1105 3546 oppidi
1148 3467 1356 3528 damno
1403 3483 1644 3528 servare
1675 3466 1942 3528 universa
1973 3473 2090 3526 sta·-
