2475 4000
708 176 917 223 LIBER
950 175 1090 221 xv1.
1138 174 1291 221 CAP.
1323 172 1514 225 1--4.
1571 132 1577 151 ¹
1979 166 2128 227 317.

102 330 341 409 promit
371 338 688 413 repertum
691 330 747 388 in
781 347 925 405 agro
956 346 1059 389 suo
1096 346 1348 408 specum
1363 328 1699 389 altitudine
1681 350 1954 409 inmensa,
1988 352 2102 411 quo
2128 354 2154 394 ⁵

104 431 333 491 magna
373 414 461 471 vis
500 415 621 472 auri
667 404 1081 489 contineretur,
1116 430 1231 472 non
1275 414 1332 471 in
1371 411 1612 472 formam
1650 418 1956 492 pecuniae,
2001 418 2107 477 sed

106 497 254 557 rudi
292 504 351 555 et
391 498 620 575 antiquo
663 497 940 574 pondere.
1007 497 1219 557 lateres
1262 496 1478 573 quippe
1513 513 1866 573 praegraves
1895 500 2107 598 iacere,

112 578 483 647 adstantibus
529 589 692 657 parte
732 580 840 640 alia
894 580 1201 649 columnis;
1257 596 1404 657 quae
1443 596 1553 657 per
1591 589 1802 649 tantum
1843 587 1969 643 aevi
2011 604 2106 645 oc-

112 665 283 725 culta
322 664 599 741 augendis
647 664 1050 741 praesentibus
1095 663 1285 725 bonis.
1352 673 1634 739 ceterum,
1679 673 1737 723 ut
1779 667 2106 728 coniectura

110 748 509 824 demonstrat,
547 748 695 808 Dido
737 748 1111 809 Phoenissam
1154 748 1310 822 Tyro
1355 748 1660 826 profugam
1702 748 1927 809 condita
1971 749 2179 810 Car-10

108 832 365 908 thagine
406 832 538 891 illas
584 850 731 911 opes
767 832 1087 908 abdidisse,
1126 850 1199 891 ne
1243 849 1427 891 novus
1458 831 1708 911 populus
1739 833 1906 892 nimia
1935 851 2108 911 pecu-

110 918 219 976 nia
255 916 581 991 lasciviret,
626 925 721 975 aut
752 934 929 993 reges
959 915 1353 991 Numidarum,
1403 924 1462 975 et
1490 916 1632 976 alias
1662 916 1899 992 infensi,
1953 915 2108 995 οιιρίὲ

112 1001 263 1061 diue
292 1000 416 1059 auri
444 1000 515 1059 ad
550 1000 765 1059 bellum
794 999 1266 1060 accenderentur.

254 1082 314 1143 2.
356 1082 535 1160 Igitur
562 1083 751 1160 Nero,
794 1101 909 1142 non
949 1084 1234 1160 auctoris,
1275 1099 1388 1141 non
1418 1084 1598 1161 ipsius
1627 1083 1850 1159 negotii
1879 1083 1992 1143 fide
2023 1100 2110 1141 sa-

112 1168 200 1226 tis
243 1175 506 1244 spectata
550 1185 657 1227 nec
698 1168 887 1227 missis
931 1186 1037 1246 per
1065 1181 1211 1245 quos
1239 1176 1512 1227 nosceret
1555 1184 1626 1226 an
1655 1185 1794 1226 vera
1819 1167 2110 1227 adferren-

111 1262 252 1323 tur,
297 1260 473 1326 auget
512 1251 662 1310 ultro
704 1268 991 1309 rumorem
1022 1252 1302 1328 mittitque
1344 1252 1438 1329 qui
1480 1250 1638 1309 velut
1668 1259 1918 1329 paratam
1947 1268 2111 1329 prae·

114 1335 258 1395 dam
299 1333 670 1393 adveherent.
731 1334 932 1393 dantur
977 1337 1241 1397 triremes
1282 1343 1342 1393 et
1385 1333 1668 1393 delectum
1707 1336 2004 1411 remigium
2033 1335 2112 1391 iu·

113 1417 351 1478 vandae
394 1417 762 1481 festinationi.
823 1436 931 1479 nec
978 1419 1127 1479 aliud
1172 1437 1278 1496 per
1314 1417 1445 1477 illos
1476 1416 1600 1477 dies
1632 1418 1880 1497 populus
1911 1418 2112 1478 credu-
2137 1431 2161 1470 5

112 1503 311 1577 litate,
345 1501 657 1580 prudentes
689 1502 917 1561 diversa
948 1502 1097 1563 fama
1127 1502 1330 1561 tulere.
1399 1519 1468 1561 ao
1507 1502 1660 1563 forte
1693 1501 2114 1581 quinquennale

114 1584 409 1645 ludicrum
438 1585 696 1645 secundo
722 1586 901 1645 lustro
928 1586 1350 1660 celebrabatur,
1382 1586 1452 1645 ab
1473 1586 1927 1664 oratoribusque·
1947 1603 2111 1664 prae-

119 1671 301 1747 cipua
341 1670 577 1729 materia
618 1672 675 1729 in
714 1670 939 1730 laudem
983 1672 1260 1749 principis
1305 1669 1602 1747 adsumpta
1647 1679 1754 1729 est.
1817 1688 1933 1729 non
1967 1670 2116 1727 enim

119 1752 331 1813 solitas
358 1762 569 1814 tantum
598 1753 801 1830 fruges
831 1772 939 1813 nec
980 1756 1280 1815 confusum
1309 1753 1558 1813 metallis
1580 1771 1773 1812 aurum
1793 1753 1979 1829 gigni,
2013 1750 2116 1811 sed

114 1853 281 1896 nova
306 1837 569 1897 ubertate
598 1840 907 1916 provenire
936 1847 1147 1899 terram
1182 1846 1239 1897 et
1274 1836 1477 1896 obvias
1509 1852 1655 1913 opes
1685 1835 1918 1897 deferre
1946 1836 2111 1911 deos,
2135 1855 2186 1895 10

120 1937 393 1999 quaeque
426 1921 537 1981 alia
568 1940 781 1981 summa
809 1922 1075 1982 facundia
1109 1938 1219 1980 nec
1260 1921 1480 1977 minore
1519 1918 1843 1978 adulatione
1883 1919 2116 1978 servilia

122 2003 446 2080 fingebant,
481 2008 673 2066 securi
703 2006 777 2065 de
809 2006 1087 2084 facilitate
1125 2003 1432 2064 credentis.

258 2088 317 2148 3.
366 2087 661 2147 Gliscebat
681 2090 903 2148 interim
930 2088 1153 2148 luxuria
1182 2105 1289 2165 spe
1317 2087 1486 2162 inani,
1519 2085 2116 2163 consumebanturque

134 2176 374 2228 veteres
400 2187 547 2247 opes
574 2173 735 2248 quasi
768 2171 979 2232 oblatis
1010 2189 1151 2249 quas
1178 2170 1390 2230 multos
1422 2188 1528 2248 per
1549 2189 1730 2232 annos
1760 2169 2115 2249 prodigeret.

130 2253 269 2330 quin
300 2261 357 2311 et
392 2253 523 2312 inde
555 2256 665 2314 iam
693 2253 1074 2332 largiebatur;
1123 2264 1181 2314 et
1209 2255 1527 2314 divitiarum
1567 2257 1927 2333 exspectatio
1971 2258 2117 2313 inter

130 2353 343 2396 causas
383 2339 735 2416 paupertatis
779 2338 1045 2416 publicae
1078 2348 1219 2400 erat.
1283 2356 1410 2398 nam
1436 2337 1680 2413 Bassus,
1725 2339 1943 2398 effosso
1974 2354 2116 2414 agro

128 2436 238 2480 suo
284 2419 527 2498 latisque
576 2423 788 2482 circum
829 2425 1016 2499 arvis,
1060 2423 1188 2484 dum
1230 2421 1379 2482 hunc
1422 2422 1518 2482 vel
1562 2422 1720 2482 illum
1754 2422 1944 2481 locum
1983 2416 2114 2500 pross
2140 2435 2164 2473 ⁵

126 2505 289 2564 missi
318 2522 533 2582 specus
562 2504 899 2581 adseverat,
942 2515 1365 2585 sequunturque
1401 2524 1518 2566 non
1555 2506 1728 2566 modo
1769 2505 1980 2565 milites
2014 2503 2118 2563 sed

128 2586 387 2666 populus
420 2590 733 2665 agrestium
763 2591 1069 2652 efficiendo
1100 2593 1266 2669 operi
1292 2591 1642 2668 adsumptus,
1674 2590 1900 2650 tandem
1930 2591 2118 2667 posita

126 2671 479 2747 vaecordia,
524 2690 639 2732 nou
684 2673 830 2734 falsa
874 2683 1041 2734 antea
1085 2676 1302 2744 somnia
1348 2692 1448 2734 sua
1479 2692 1658 2752 seque
1718 2682 1850 2734 tunc
1883 2674 2120 2751 primum

128 2755 354 2815 elusum
387 2755 692 2834 admirans,
728 2759 1005 2837 pudorem
1030 2768 1087 2818 et
1115 2767 1324 2817 metum
1346 2766 1531 2818 morte
1555 2758 1874 2817 voluntaria
1898 2757 2118 2832 effugit.

106 2838 361 2924 ‘quidam
403 2842 655 2901 vinctum
699 2859 769 2901 ac
808 2859 943 2902 mox
985 2842 1276 2902 dimissum
1321 2841 1610 2902 tradidere
1639 2841 1920 2919 ademptis
1949 2839 2118 2900 bonis
2143 2855 2188 2898 ιο

126 2926 191 2982 in
222 2921 413 2983 locum
445 2927 643 3000 regiae
673 2943 875 3002 gazae.

255 3009 315 3068 4.
354 3007 581 3073 Interea
610 3019 873 3084 senatus,
906 3011 1230 3089 propinquo
1262 3011 1372 3068 iam
1397 3009 1639 3080 lustrali
1682 3009 2022 3081 certamine,
2063 3015 2122 3066 ut

132 3091 397 3152 dedecus
429 3101 750 3168 averteret,
796 3093 967 3154 offert
1005 3094 1338 3170 imperatori
1367 3088 1665 3160 victoriam
1696 3101 1892 3152 cantus
1923 3052 2119 3150 adicit-

132 3194 249 3253 que
292 3176 593 3236 facundiae
638 3194 941 3253 eoronam,
1000 3194 1109 3254 qua
1164 3175 1382 3236 ludicra
1433 3176 1770 3237 deformitas
1812 3175 2118 3236 velaretur.

132 3258 242 3318 sed
270 3258 430 3322 Nero
460 3261 600 3322 nihil
633 3261 845 3322 ambitu
872 3278 983 3320 nec
1021 3269 1312 3338 potestate
1347 3269 1578 3320 senatus
1612 3278 1758 3338 opus
1794 3277 1928 3318 esse
1959 3259 2118 3318 dicti·

130 3351 296 3419 tans,
330 3361 394 3404 se
424 3362 669 3423 aequum
699 3345 998 3406 adversum
1028 3343 1286 3404 aemulos
1319 3353 1377 3402 et
1409 3345 1696 3422 religione
1732 3343 1976 3403 iudicum
2005 3360 2121 3402 me·
2145 3359 2171 3397 s

132 3426 301 3484 ritam
342 3427 566 3487 laudem
604 3430 1030 3505 adsecuturum,
1076 3428 1260 3506 primo
1298 3446 1526 3488 carmen
1557 3430 1614 3488 iu
1644 3445 1856 3489 scaeua
1886 3429 2090 3489 recitat
2103 3449 2119 3496 ;
