<?xml version="1.0" encoding="UTF-8"?>
<!DOCTYPE html PUBLIC "-//W3C//DTD XHTML 1.0 Transitional//EN"
    "http://www.w3.org/TR/xhtml1/DTD/xhtml1-transitional.dtd">
<html xmlns="http://www.w3.org/1999/xhtml" xml:lang="en" lang="en">
 <head>
  <title>
</title>
<meta http-equiv="Content-Type" content="text/html;charset=utf-8" />
  <meta name='ocr-system' content='tesseract 3.04.00' />
  <meta name='ocr-capabilities' content='ocr_page ocr_carea ocr_par ocr_line ocrx_word'/>
</head>
<body>
  <div class='ocr_page' id='page_1' title='image "./corneltacitilib00unkngoog_0236.png"; bbox 0 0 2475 4000; ppageno 0'>
   <div class='ocr_carea' id='block_1_1' title="bbox 384 205 1866 266">
    <p class='ocr_par' dir='ltr' id='par_1_1' title="bbox 384 205 1866 266">
     <span class='ocr_line' id='line_1_1' title="bbox 384 205 1866 266; baseline -0.003 -2"><span class='ocrx_word' id='word_1_1' title='bbox 384 205 501 266; x_wconf 85' lang='lat'><strong>176</strong></span> <span class='ocrx_word' id='word_1_2' title='bbox 594 258 611 264; x_wconf 78' lang='grc'><strong>-</strong></span> <span class='ocrx_word' id='word_1_3' title='bbox 870 214 1199 263; x_wconf 67' lang='grc' dir='ltr'><strong>οοιιιιιιιιι</strong></span> <span class='ocrx_word' id='word_1_4' title='bbox 1230 213 1468 262; x_wconf 69' lang='lat' dir='ltr'><strong>uem</strong></span> <span class='ocrx_word' id='word_1_5' title='bbox 1497 212 1866 260; x_wconf 67' lang='lat' dir='ltr'><strong>ANNALmu</strong></span> 
     </span>
    </p>
   </div>
   <div class='ocr_carea' id='block_1_2' title="bbox 306 367 2390 1034">
    <p class='ocr_par' dir='ltr' id='par_1_2' title="bbox 306 367 2390 1034">
     <span class='ocr_line' id='line_1_2' title="bbox 379 367 2390 449; baseline 0.001 -19"><span class='ocrx_word' id='word_1_6' title='bbox 379 368 771 449; x_wconf 81' lang='lat' dir='ltr'><strong>exprobravit.</strong></span> <span class='ocrx_word' id='word_1_7' title='bbox 818 377 876 428; x_wconf 87' lang='lat' dir='ltr'><strong>et</strong></span> <span class='ocrx_word' id='word_1_8' title='bbox 905 368 1049 429; x_wconf 83' lang='lat' dir='ltr'><strong>Gaio</strong></span> <span class='ocrx_word' id='word_1_9' title='bbox 1082 367 1348 446; x_wconf 83' lang='lat' dir='ltr'><strong>Caesari,</strong></span> <span class='ocrx_word' id='word_1_10' title='bbox 1397 368 1552 428; x_wconf 81' lang='lat' dir='ltr'><strong>forte</strong></span> <span class='ocrx_word' id='word_1_11' title='bbox 1583 377 1712 429; x_wconf 89' lang='lat' dir='ltr'><strong>orto</strong></span> <span class='ocrx_word' id='word_1_12' title='bbox 1749 385 2020 427; x_wconf 82' lang='lat' dir='ltr'><strong>sermone</strong></span> <span class='ocrx_word' id='word_1_13' title='bbox 2057 369 2118 428; x_wconf 88' lang='lat' dir='ltr'><strong>L.</strong></span> <span class='ocrx_word' id='word_1_14' title='bbox 2151 368 2390 432; x_wconf 80' lang='lat' dir='ltr'><strong>Sullam</strong></span> 
     </span>
     <span class='ocr_line' id='line_1_3' title="bbox 311 452 2384 530; baseline -0.002 -12"><span class='ocrx_word' id='word_1_15' title='bbox 311 477 361 518; x_wconf 83' lang='lat'><strong>15</strong></span> <span class='ocrx_word' id='word_1_16' title='bbox 382 453 676 530; x_wconf 78' lang='lat' dir='ltr'><strong>inridenti,</strong></span> <span class='ocrx_word' id='word_1_17' title='bbox 728 455 918 514; x_wconf 88' lang='lat' dir='ltr'><strong>omnia</strong></span> <span class='ocrx_word' id='word_1_18' title='bbox 946 452 1143 513; x_wconf 82' lang='lat' dir='ltr'><strong>Sullae</strong></span> <span class='ocrx_word' id='word_1_19' title='bbox 1172 454 1312 512; x_wconf 84' lang='lat' dir='ltr'><strong>vitia</strong></span> <span class='ocrx_word' id='word_1_20' title='bbox 1344 461 1404 512; x_wconf 79' lang='lat' dir='ltr'><strong>et</strong></span> <span class='ocrx_word' id='word_1_21' title='bbox 1437 452 1650 512; x_wconf 80' lang='lat' dir='ltr'><strong>nnllam</strong></span> <span class='ocrx_word' id='word_1_22' title='bbox 1692 453 1950 510; x_wconf 83' lang='lat' dir='ltr'><strong>eiusdem</strong></span> <span class='ocrx_word' id='word_1_23' title='bbox 1976 453 2248 512; x_wconf 76' lang='lat' dir='ltr'><strong>virtu-tem</strong></span> <span class='ocrx_word' id='word_1_24' title='bbox 2277 453 2384 514; x_wconf 87' lang='lat' dir='ltr'><strong>ha-</strong></span> 
     </span>
     <span class='ocr_line' id='line_1_4' title="bbox 376 535 2390 617; baseline 0.001 -21"><span class='ocrx_word' id='word_1_25' title='bbox 376 538 619 598; x_wconf 89' lang='lat' dir='ltr'><strong>biturum</strong></span> <span class='ocrx_word' id='word_1_26' title='bbox 663 537 965 617; x_wconf 78' lang='lat' dir='ltr'><strong>praedixit.</strong></span> <span class='ocrx_word' id='word_1_27' title='bbox 1032 537 1197 596; x_wconf 87' lang='lat' dir='ltr'><strong>simul</strong></span> <span class='ocrx_word' id='word_1_28' title='bbox 1239 536 1462 596; x_wconf 78' lang='lat' dir='ltr'><strong>crebris</strong></span> <span class='ocrx_word' id='word_1_29' title='bbox 1513 553 1640 595; x_wconf 84' lang='lat' dir='ltr'><strong>cnm</strong></span> <span class='ocrx_word' id='word_1_30' title='bbox 1683 535 1934 595; x_wconf 81' lang='lat' dir='ltr'><strong>lacrimis</strong></span> <span class='ocrx_word' id='word_1_31' title='bbox 1977 538 2259 596; x_wconf 86' lang='lat' dir='ltr'><strong>minorem</strong></span> <span class='ocrx_word' id='word_1_32' title='bbox 2303 557 2390 598; x_wconf 85' lang='lat' dir='ltr'><strong>ex</strong></span> 
     </span>
     <span class='ocr_line' id='line_1_5' title="bbox 376 620 2384 702; baseline -0 -21"><span class='ocrx_word' id='word_1_33' title='bbox 376 621 683 702; x_wconf 81' lang='lat' dir='ltr'><strong>nepotibus</strong></span> <span class='ocrx_word' id='word_1_34' title='bbox 720 621 1061 700; x_wconf 82' lang='lat' dir='ltr'><strong>conplexus,</strong></span> <span class='ocrx_word' id='word_1_35' title='bbox 1095 623 1241 682; x_wconf 85' lang='lat' dir='ltr'><strong>truci</strong></span> <span class='ocrx_word' id='word_1_36' title='bbox 1271 621 1508 680; x_wconf 86' lang='lat' dir='ltr'><strong>alterius</strong></span> <span class='ocrx_word' id='word_1_37' title='bbox 1537 621 1728 694; x_wconf 81' lang='lat' dir='ltr'><strong>vultu,</strong></span> <span class='ocrx_word' id='word_1_38' title='bbox 1773 621 1791 650; x_wconf 70' lang='lat'><em>³</em></span> <span class='ocrx_word' id='word_1_39' title='bbox 1811 620 2050 680; x_wconf 85' lang='lat' dir='ltr'><strong>occides</strong></span> <span class='ocrx_word' id='word_1_40' title='bbox 2093 621 2249 680; x_wconf 87' lang='lat' dir='ltr'><strong>hunc</strong></span> <span class='ocrx_word' id='word_1_41' title='bbox 2279 626 2384 680; x_wconf 88' lang='lat' dir='ltr'><strong>tu’</strong></span> 
     </span>
     <span class='ocr_line' id='line_1_6' title="bbox 306 703 2388 786; baseline -0.001 -19"><span class='ocrx_word' id='word_1_42' title='bbox 306 705 312 713; x_wconf 80' lang='grc'>’</span> <span class='ocrx_word' id='word_1_43' title='bbox 376 707 556 786; x_wconf 84' lang='lat' dir='ltr'><strong>inquit</strong></span> <span class='ocrx_word' id='word_1_44' title='bbox 600 709 697 764; x_wconf 68' lang='lat' dir='ltr'><strong>‘et</strong></span> <span class='ocrx_word' id='word_1_45' title='bbox 734 713 791 765; x_wconf 88' lang='lat' dir='ltr'><strong>te</strong></span> <span class='ocrx_word' id='word_1_46' title='bbox 838 705 1029 764; x_wconf 88' lang='lat' dir='ltr'><strong>alius.&#39;</strong></span> <span class='ocrx_word' id='word_1_47' title='bbox 1088 705 1191 764; x_wconf 88' lang='lat' dir='ltr'><strong>sed</strong></span> <span class='ocrx_word' id='word_1_48' title='bbox 1220 713 1606 781; x_wconf 76' lang='lat' dir='ltr'><strong>gravescente</strong></span> <span class='ocrx_word' id='word_1_49' title='bbox 1640 703 1972 764; x_wconf 83' lang='lat' dir='ltr'><strong>valetudine</strong></span> <span class='ocrx_word' id='word_1_50' title='bbox 2013 704 2152 765; x_wconf 86' lang='lat' dir='ltr'><strong>nihil</strong></span> <span class='ocrx_word' id='word_1_51' title='bbox 2183 724 2214 764; x_wconf 91' lang='lat' dir='ltr'><strong>e</strong></span> <span class='ocrx_word' id='word_1_52' title='bbox 2247 704 2388 766; x_wconf 86' lang='lat' dir='ltr'><strong>libi·</strong></span> 
     </span>
     <span class='ocr_line' id='line_1_7' title="bbox 380 787 2388 866; baseline -0.001 -16"><span class='ocrx_word' id='word_1_53' title='bbox 380 790 605 851; x_wconf 82' lang='lat' dir='ltr'><strong>dinibus</strong></span> <span class='ocrx_word' id='word_1_54' title='bbox 635 787 955 864; x_wconf 74' lang='lat' dir='ltr'><strong>omittehat,</strong></span> <span class='ocrx_word' id='word_1_55' title='bbox 1001 790 1058 846; x_wconf 89' lang='lat' dir='ltr'><strong>in</strong></span> <span class='ocrx_word' id='word_1_56' title='bbox 1088 790 1368 866; x_wconf 81' lang='lat' dir='ltr'><strong>pati-entia</strong></span> <span class='ocrx_word' id='word_1_57' title='bbox 1395 787 1793 848; x_wconf 84' lang='lat' dir='ltr'><strong>firmitudinem</strong></span> <span class='ocrx_word' id='word_1_58' title='bbox 1821 789 2094 848; x_wconf 82' lang='lat' dir='ltr'><strong>simulans</strong></span> <span class='ocrx_word' id='word_1_59' title='bbox 2141 789 2388 850; x_wconf 85' lang='lat' dir='ltr'><strong>solitus·</strong></span> 
     </span>
     <span class='ocr_line' id='line_1_8' title="bbox 308 871 2386 954; baseline -0.002 -17"><span class='ocrx_word' id='word_1_60' title='bbox 308 899 360 939; x_wconf 84' lang='lat'><strong>20</strong></span> <span class='ocrx_word' id='word_1_61' title='bbox 378 889 489 954; x_wconf 85' lang='lat' dir='ltr'><strong>que</strong></span> <span class='ocrx_word' id='word_1_62' title='bbox 526 874 761 933; x_wconf 90' lang='lat' dir='ltr'><strong>eludere</strong></span> <span class='ocrx_word' id='word_1_63' title='bbox 792 871 1141 931; x_wconf 80' lang='lat' dir='ltr'><strong>medicorum</strong></span> <span class='ocrx_word' id='word_1_64' title='bbox 1170 880 1328 930; x_wconf 87' lang='lat' dir='ltr'><strong>artes</strong></span> <span class='ocrx_word' id='word_1_65' title='bbox 1356 881 1526 950; x_wconf 85' lang='lat' dir='ltr'><strong>atque</strong></span> <span class='ocrx_word' id='word_1_66' title='bbox 1561 889 1703 948; x_wconf 90' lang='lat' dir='ltr'><strong>eos,</strong></span> <span class='ocrx_word' id='word_1_67' title='bbox 1735 873 1830 949; x_wconf 89' lang='lat' dir='ltr'><strong>qui</strong></span> <span class='ocrx_word' id='word_1_68' title='bbox 1860 881 1995 950; x_wconf 86' lang='lat' dir='ltr'><strong>post</strong></span> <span class='ocrx_word' id='word_1_69' title='bbox 2023 873 2386 932; x_wconf 82' lang='lat' dir='ltr'><strong>tricesimum</strong></span> 
     </span>
     <span class='ocr_line' id='line_1_9' title="bbox 380 954 2388 1034; baseline -0.001 -16"><span class='ocrx_word' id='word_1_70' title='bbox 380 961 583 1018; x_wconf 88' lang='lat' dir='ltr'><strong>aetatis</strong></span> <span class='ocrx_word' id='word_1_71' title='bbox 624 973 826 1016; x_wconf 87' lang='lat' dir='ltr'><strong>annum</strong></span> <span class='ocrx_word' id='word_1_72' title='bbox 866 956 937 1016; x_wconf 91' lang='lat' dir='ltr'><strong>ad</strong></span> <span class='ocrx_word' id='word_1_73' title='bbox 976 954 1422 1016; x_wconf 73' lang='lat' dir='ltr'><strong>internoscenda</strong></span> <span class='ocrx_word' id='word_1_74' title='bbox 1459 957 1696 1034; x_wconf 85' lang='lat' dir='ltr'><strong>corpo-ri</strong></span> <span class='ocrx_word' id='word_1_75' title='bbox 1749 972 1856 1014; x_wconf 87' lang='lat' dir='ltr'><strong>sno</strong></span> <span class='ocrx_word' id='word_1_76' title='bbox 1884 956 2046 1015; x_wconf 81' lang='lat' dir='ltr'><strong>utilia</strong></span> <span class='ocrx_word' id='word_1_77' title='bbox 2075 956 2171 1015; x_wconf 81' lang='lat' dir='ltr'><strong>vel</strong></span> <span class='ocrx_word' id='word_1_78' title='bbox 2201 959 2388 1016; x_wconf 87' lang='lat' dir='ltr'><strong>noxia</strong></span> 
     </span>
    </p>
   </div>
   <div class='ocr_carea' id='block_1_3' title="bbox 150 1038 1183 1116">
    <p class='ocr_par' dir='ltr' id='par_1_3' title="bbox 150 1038 1183 1116">
     <span class='ocr_line' id='line_1_10' title="bbox 150 1038 1183 1116; baseline -0.008 -11"><span class='ocrx_word' id='word_1_79' title='bbox 150 1038 158 1046; x_wconf 80' lang='grc'><strong>’</strong></span> <span class='ocrx_word' id='word_1_80' title='bbox 263 1074 273 1092; x_wconf 55' lang='lat' dir='ltr'>x</span> <span class='ocrx_word' id='word_1_81' title='bbox 378 1043 569 1103; x_wconf 83' lang='lat' dir='ltr'><strong>alieni-</strong></span> <span class='ocrx_word' id='word_1_82' title='bbox 584 1041 810 1100; x_wconf 89' lang='lat' dir='ltr'><strong>consilii</strong></span> <span class='ocrx_word' id='word_1_83' title='bbox 838 1041 1183 1116; x_wconf 79' lang='lat' dir='ltr'><strong>indigerent.</strong></span> 
     </span>
    </p>
   </div>
   <div class='ocr_carea' id='block_1_4' title="bbox 310 1119 2386 3555">
    <p class='ocr_par' dir='ltr' id='par_1_4' title="bbox 310 1119 2384 1454">
     <span class='ocr_line' id='line_1_11' title="bbox 310 1119 2384 1203; baseline 0.001 -21"><span class='ocrx_word' id='word_1_84' title='bbox 310 1129 376 1183; x_wconf 81' lang='lat'><strong>47</strong></span> <span class='ocrx_word' id='word_1_85' title='bbox 502 1127 603 1203; x_wconf 80' lang='grc'><strong>53.</strong></span> <span class='ocrx_word' id='word_1_86' title='bbox 648 1126 879 1185; x_wconf 86' lang='lat' dir='ltr'><strong>Interim</strong></span> <span class='ocrx_word' id='word_1_87' title='bbox 906 1125 1127 1184; x_wconf 85' lang='lat' dir='ltr'><strong>Romae</strong></span> <span class='ocrx_word' id='word_1_88' title='bbox 1158 1123 1362 1184; x_wconf 85' lang='lat' dir='ltr'><strong>futuris</strong></span> <span class='ocrx_word' id='word_1_89' title='bbox 1398 1124 1570 1182; x_wconf 85' lang='lat' dir='ltr'><strong>etiam</strong></span> <span class='ocrx_word' id='word_1_90' title='bbox 1593 1119 1737 1201; x_wconf 69' lang='lat' dir='ltr'><strong>‘post</strong></span> <span class='ocrx_word' id='word_1_91' title='bbox 1772 1123 2066 1184; x_wconf 82' lang='lat' dir='ltr'><strong>Tiberium</strong></span> <span class='ocrx_word' id='word_1_92' title='bbox 2097 1123 2384 1184; x_wconf 83' lang='lat' dir='ltr'><strong>caedibus</strong></span> 
     </span>
     <span class='ocr_line' id='line_1_12' title="bbox 381 1206 2382 1286; baseline -0.001 -15"><span class='ocrx_word' id='word_1_93' title='bbox 381 1211 597 1271; x_wconf 88' lang='lat' dir='ltr'><strong>semina</strong></span> <span class='ocrx_word' id='word_1_94' title='bbox 624 1209 997 1270; x_wconf 74' lang='lat' dir='ltr'><strong>iaciebantur.</strong></span> <span class='ocrx_word' id='word_1_95' title='bbox 1054 1208 1282 1268; x_wconf 85' lang='lat' dir='ltr'><strong>Laelius</strong></span> <span class='ocrx_word' id='word_1_96' title='bbox 1309 1206 1524 1267; x_wconf 85' lang='lat' dir='ltr'><strong>Balbus</strong></span> <span class='ocrx_word' id='word_1_97' title='bbox 1547 1206 1830 1284; x_wconf 75' lang='lat' dir='ltr'><strong>Acutiarn,</strong></span> <span class='ocrx_word' id='word_1_98' title='bbox 1861 1207 1923 1266; x_wconf 93' lang='lat' dir='ltr'><strong>P.</strong></span> <span class='ocrx_word' id='word_1_99' title='bbox 1948 1207 2172 1268; x_wconf 83' lang='lat' dir='ltr'><strong>Vitellii</strong></span> <span class='ocrx_word' id='word_1_100' title='bbox 2193 1207 2382 1286; x_wconf 75' lang='lat' dir='ltr'><strong>quon-</strong></span> 
     </span>
     <span class='ocr_line' id='line_1_13' title="bbox 380 1291 2380 1371; baseline -0.002 -17"><span class='ocrx_word' id='word_1_101' title='bbox 380 1295 507 1354; x_wconf 89' lang='lat' dir='ltr'><strong>dam</strong></span> <span class='ocrx_word' id='word_1_102' title='bbox 534 1309 794 1370; x_wconf 79' lang='lat' dir='ltr'><strong>uxorem,</strong></span> <span class='ocrx_word' id='word_1_103' title='bbox 826 1293 1137 1353; x_wconf 82' lang='lat' dir='ltr'><strong>maiestatis</strong></span> <span class='ocrx_word' id='word_1_104' title='bbox 1169 1291 1596 1371; x_wconf 81' lang='lat' dir='ltr'><strong>postulaverat3</strong></span> <span class='ocrx_word' id='word_1_105' title='bbox 1631 1309 1742 1369; x_wconf 83' lang='lat' dir='ltr'><strong>qua</strong></span> <span class='ocrx_word' id='word_1_106' title='bbox 1765 1291 2027 1351; x_wconf 85' lang='lat' dir='ltr'><strong>damnata</strong></span> <span class='ocrx_word' id='word_1_107' title='bbox 2053 1309 2176 1351; x_wconf 88' lang='lat' dir='ltr'><strong>cum</strong></span> <span class='ocrx_word' id='word_1_108' title='bbox 2202 1310 2380 1370; x_wconf 87' lang='lat' dir='ltr'><strong>prae—</strong></span> 
     </span>
     <span class='ocr_line' id='line_1_14' title="bbox 378 1373 2380 1454; baseline -0.002 -16"><span class='ocrx_word' id='word_1_109' title='bbox 378 1381 548 1438; x_wconf 88' lang='lat' dir='ltr'><strong>mium</strong></span> <span class='ocrx_word' id='word_1_110' title='bbox 590 1379 918 1437; x_wconf 80' lang='lat' dir='ltr'><strong>accusatori</strong></span> <span class='ocrx_word' id='word_1_111' title='bbox 965 1376 1406 1452; x_wconf 77' lang='lat' dir='ltr'><strong>decerneretur,</strong></span> <span class='ocrx_word' id='word_1_112' title='bbox 1447 1375 1640 1434; x_wconf 87' lang='lat' dir='ltr'><strong>lunius</strong></span> <span class='ocrx_word' id='word_1_113' title='bbox 1681 1373 1832 1436; x_wconf 86' lang='lat' dir='ltr'><strong>Otho</strong></span> <span class='ocrx_word' id='word_1_114' title='bbox 1877 1375 2130 1435; x_wconf 85' lang='lat' dir='ltr'><strong>tribunus</strong></span> <span class='ocrx_word' id='word_1_115' title='bbox 2173 1375 2380 1454; x_wconf 86' lang='lat' dir='ltr'><strong>plebei</strong></span> 
     </span>
    </p>

    <p class='ocr_par' dir='ltr' id='par_1_5' title="bbox 330 1459 2380 1870">
     <span class='ocr_line' id='line_1_15' title="bbox 330 1459 2378 1537; baseline -0.001 -17"><span class='ocrx_word' id='word_1_116' title='bbox 330 1489 356 1528; x_wconf 83' lang='lat'>5</span> <span class='ocrx_word' id='word_1_117' title='bbox 380 1461 741 1537; x_wconf 78' lang='lat' dir='ltr'><strong>intercessit,</strong></span> <span class='ocrx_word' id='word_1_118' title='bbox 787 1460 937 1518; x_wconf 87' lang='lat' dir='ltr'><strong>unde</strong></span> <span class='ocrx_word' id='word_1_119' title='bbox 974 1460 1089 1518; x_wconf 83' lang='lat' dir='ltr'><strong>illi-s</strong></span> <span class='ocrx_word' id='word_1_120' title='bbox 1122 1459 1288 1534; x_wconf 87' lang='lat' dir='ltr'><strong>odia,</strong></span> <span class='ocrx_word' id='word_1_121' title='bbox 1335 1477 1472 1519; x_wconf 85' lang='lat' dir='ltr'><strong>mox</strong></span> <span class='ocrx_word' id='word_1_122' title='bbox 1505 1459 1716 1519; x_wconf 84' lang='lat' dir='ltr'><strong>Othoni</strong></span> <span class='ocrx_word' id='word_1_123' title='bbox 1747 1461 1999 1520; x_wconf 81' lang='lat' dir='ltr'><strong>exitium.</strong></span> <span class='ocrx_word' id='word_1_124' title='bbox 2063 1459 2196 1519; x_wconf 89' lang='lat' dir='ltr'><strong>dein</strong></span> <span class='ocrx_word' id='word_1_125' title='bbox 2231 1460 2378 1520; x_wconf 87' lang='lat' dir='ltr'><strong>mul-</strong></span> 
     </span>
     <span class='ocr_line' id='line_1_16' title="bbox 378 1542 2380 1619; baseline -0.001 -13"><span class='ocrx_word' id='word_1_126' title='bbox 378 1555 566 1606; x_wconf 90' lang='lat' dir='ltr'><strong>torum</strong></span> <span class='ocrx_word' id='word_1_127' title='bbox 598 1542 887 1603; x_wconf 88' lang='lat' dir='ltr'><strong>amoribus</strong></span> <span class='ocrx_word' id='word_1_128' title='bbox 917 1543 1139 1602; x_wconf 82' lang='lat' dir='ltr'><strong>famosa</strong></span> <span class='ocrx_word' id='word_1_129' title='bbox 1167 1543 1492 1619; x_wconf 85' lang='lat' dir='ltr'><strong>Albucilla,</strong></span> <span class='ocrx_word' id='word_1_130' title='bbox 1543 1545 1635 1602; x_wconf 88' lang='lat' dir='ltr'><strong>cui</strong></span> <span class='ocrx_word' id='word_1_131' title='bbox 1662 1545 2078 1604; x_wconf 70' lang='lat' dir='ltr'><strong>matrimonium</strong></span> <span class='ocrx_word' id='word_1_132' title='bbox 2113 1561 2244 1604; x_wconf 87' lang='lat' dir='ltr'><strong>cum</strong></span> <span class='ocrx_word' id='word_1_133' title='bbox 2275 1544 2380 1604; x_wconf 84' lang='lat' dir='ltr'><strong>Sa-</strong></span> 
     </span>
     <span class='ocr_line' id='line_1_17' title="bbox 377 1626 2380 1706; baseline -0.002 -17"><span class='ocrx_word' id='word_1_134' title='bbox 377 1631 489 1689; x_wconf 89' lang='lat' dir='ltr'><strong>trio</strong></span> <span class='ocrx_word' id='word_1_135' title='bbox 526 1627 797 1687; x_wconf 84' lang='lat' dir='ltr'><strong>Secundo</strong></span> <span class='ocrx_word' id='word_1_136' title='bbox 840 1627 1248 1688; x_wconf 87' lang='lat' dir='ltr'><strong>coniurationis</strong></span> <span class='ocrx_word' id='word_1_137' title='bbox 1289 1626 1480 1686; x_wconf 90' lang='lat' dir='ltr'><strong>indice</strong></span> <span class='ocrx_word' id='word_1_138' title='bbox 1519 1628 1738 1704; x_wconf 87' lang='lat' dir='ltr'><strong>fuerat,</strong></span> <span class='ocrx_word' id='word_1_139' title='bbox 1783 1627 2057 1688; x_wconf 81' lang='lat' dir='ltr'><strong>defertur·</strong></span> <span class='ocrx_word' id='word_1_140' title='bbox 2083 1629 2380 1706; x_wconf 74' lang='lat' dir='ltr'><strong>inpietatis</strong></span> 
     </span>
     <span class='ocr_line' id='line_1_18' title="bbox 378 1709 2378 1792; baseline -0.002 -20"><span class='ocrx_word' id='word_1_141' title='bbox 378 1717 436 1772; x_wconf 90' lang='lat' dir='ltr'><strong>in</strong></span> <span class='ocrx_word' id='word_1_142' title='bbox 466 1712 821 1792; x_wconf 79' lang='lat' dir='ltr'><strong>principem3</strong></span> <span class='ocrx_word' id='word_1_143' title='bbox 872 1709 1320 1770; x_wconf 77' lang='lat' dir='ltr'><strong>conectebantur</strong></span> <span class='ocrx_word' id='word_1_144' title='bbox 1363 1719 1426 1769; x_wconf 85' lang='lat' dir='ltr'><strong>ut</strong></span> <span class='ocrx_word' id='word_1_145' title='bbox 1467 1712 1686 1770; x_wconf 87' lang='lat' dir='ltr'><strong>conscii</strong></span> <span class='ocrx_word' id='word_1_146' title='bbox 1726 1721 1786 1770; x_wconf 89' lang='lat' dir='ltr'><strong>et</strong></span> <span class='ocrx_word' id='word_1_147' title='bbox 1825 1712 2069 1772; x_wconf 79' lang='lat' dir='ltr'><strong>adulteri</strong></span> <span class='ocrx_word' id='word_1_148' title='bbox 2111 1711 2378 1784; x_wconf 77' lang='lat' dir='ltr'><strong>eiuscn.</strong></span> 
     </span>
     <span class='ocr_line' id='line_1_19' title="bbox 377 1793 2378 1872; baseline -0.001 -14"><span class='ocrx_word' id='word_1_149' title='bbox 377 1797 691 1872; x_wconf 83' lang='lat' dir='ltr'><strong>Domitius,</strong></span> <span class='ocrx_word' id='word_1_150' title='bbox 735 1793 939 1855; x_wconf 86' lang='lat' dir='ltr'><strong>Vibius</strong></span> <span class='ocrx_word' id='word_1_151' title='bbox 982 1794 1240 1870; x_wconf 80' lang='lat' dir='ltr'><strong>Marsus,</strong></span> <span class='ocrx_word' id='word_1_152' title='bbox 1281 1794 1343 1853; x_wconf 92' lang='lat' dir='ltr'><strong>L.</strong></span> <span class='ocrx_word' id='word_1_153' title='bbox 1385 1794 1708 1855; x_wconf 86' lang='lat' dir='ltr'><strong>Arruntius.</strong></span> <span class='ocrx_word' id='word_1_154' title='bbox 1768 1796 1840 1856; x_wconf 90' lang='lat' dir='ltr'><strong>de</strong></span> <span class='ocrx_word' id='word_1_155' title='bbox 1880 1795 2224 1856; x_wconf 81' lang='lat' dir='ltr'><strong>claritudine</strong></span> <span class='ocrx_word' id='word_1_156' title='bbox 2263 1795 2378 1856; x_wconf 90' lang='lat' dir='ltr'><strong>Do-</strong></span> 
     </span>
    </p>

    <p class='ocr_par' dir='ltr' id='par_1_6' title="bbox 310 1879 2382 2295">
     <span class='ocr_line' id='line_1_20' title="bbox 310 1879 2382 1976; baseline -0.002 -34"><span class='ocrx_word' id='word_1_157' title='bbox 310 1902 361 1942; x_wconf 90' lang='lat'><strong>10</strong></span> <span class='ocrx_word' id='word_1_158' title='bbox 378 1883 517 1941; x_wconf 82' lang='lat' dir='ltr'><strong>&#39;mitii</strong></span> <span class='ocrx_word' id='word_1_159' title='bbox 562 1895 738 1959; x_wconf 85' lang='lat' dir='ltr'><strong>supra</strong></span> <span class='ocrx_word' id='word_1_160' title='bbox 778 1879 1122 1947; x_wconf 80' lang='lat' dir='ltr'><strong>memoravi3</strong></span> <span class='ocrx_word' id='word_1_161' title='bbox 1168 1879 1390 1939; x_wconf 83' lang='lat' dir='ltr'><strong>Marsus</strong></span> <span class='ocrx_word' id='word_1_162' title='bbox 1431 1895 1662 1976; x_wconf 84' lang='lat' dir='ltr'><strong>quoque</strong></span> <span class='ocrx_word' id='word_1_163' title='bbox 1692 1881 1936 1940; x_wconf 85' lang='lat' dir='ltr'><strong>vetustis</strong></span> <span class='ocrx_word' id='word_1_164' title='bbox 1965 1879 2292 1940; x_wconf 84' lang='lat' dir='ltr'><strong>honoribus</strong></span> <span class='ocrx_word' id='word_1_165' title='bbox 2324 1888 2382 1938; x_wconf 86' lang='lat' dir='ltr'><strong>et</strong></span> 
     </span>
     <span class='ocr_line' id='line_1_21' title="bbox 380 1962 2378 2042; baseline -0.003 -14"><span class='ocrx_word' id='word_1_166' title='bbox 380 1966 636 2029; x_wconf 86' lang='lat' dir='ltr'><strong>inlustris</strong></span> <span class='ocrx_word' id='word_1_167' title='bbox 673 1963 879 2024; x_wconf 81' lang='lat' dir='ltr'><strong>studiis</strong></span> <span class='ocrx_word' id='word_1_168' title='bbox 926 1973 1069 2025; x_wconf 88' lang='lat' dir='ltr'><strong>erat.</strong></span> <span class='ocrx_word' id='word_1_169' title='bbox 1146 1962 1252 2024; x_wconf 87' lang='lat' dir='ltr'><strong>sed</strong></span> <span class='ocrx_word' id='word_1_170' title='bbox 1293 1963 1520 2023; x_wconf 86' lang='lat' dir='ltr'><strong>testium</strong></span> <span class='ocrx_word' id='word_1_171' title='bbox 1562 1964 2034 2042; x_wconf 83' lang='lat' dir='ltr'><strong>interrogationi,</strong></span> <span class='ocrx_word' id='word_1_172' title='bbox 2075 1965 2378 2025; x_wconf 82' lang='lat' dir='ltr'><strong>tormentis</strong></span> 
     </span>
     <span class='ocr_line' id='line_1_22' title="bbox 380 2041 2380 2128; baseline -0.003 -15"><span class='ocrx_word' id='word_1_173' title='bbox 380 2066 683 2113; x_wconf 86' lang='lat' dir='ltr'><strong>servorum</strong></span> <span class='ocrx_word' id='word_1_174' title='bbox 719 2041 1068 2110; x_wconf 74' lang='lat' dir='ltr'><strong>Macronem</strong></span> <span class='ocrx_word' id='word_1_175' title='bbox 1117 2047 1488 2128; x_wconf 76' lang='lat' dir='ltr'><strong>praesedisse</strong></span> <span class='ocrx_word' id='word_1_176' title='bbox 1545 2050 1934 2109; x_wconf 85' lang='lat' dir='ltr'><strong>commentarii</strong></span> <span class='ocrx_word' id='word_1_177' title='bbox 1989 2048 2061 2107; x_wconf 83' lang='lat' dir='ltr'><strong>ad</strong></span> <span class='ocrx_word' id='word_1_178' title='bbox 2119 2060 2380 2109; x_wconf 82' lang='lat' dir='ltr'><strong>senatum</strong></span> 
     </span>
     <span class='ocr_line' id='line_1_23' title="bbox 380 2132 2376 2213; baseline -0.003 -17"><span class='ocrx_word' id='word_1_179' title='bbox 380 2138 537 2213; x_wconf 77' lang='lat' dir='ltr'><strong>missi</strong></span> <span class='ocrx_word' id='word_1_180' title='bbox 524 2132 861 2208; x_wconf 80' lang='lat' dir='ltr'><strong>ferebant,</strong></span> <span class='ocrx_word' id='word_1_181' title='bbox 900 2133 1207 2211; x_wconf 81' lang='lat' dir='ltr'><strong>nulla-eque</strong></span> <span class='ocrx_word' id='word_1_182' title='bbox 1251 2133 1310 2191; x_wconf 87' lang='lat' dir='ltr'><strong>in</strong></span> <span class='ocrx_word' id='word_1_183' title='bbox 1341 2149 1448 2192; x_wconf 90' lang='lat' dir='ltr'><strong>eos</strong></span> <span class='ocrx_word' id='word_1_184' title='bbox 1475 2133 1840 2209; x_wconf 83' lang='lat' dir='ltr'><strong>imperatoris</strong></span> <span class='ocrx_word' id='word_1_185' title='bbox 1869 2132 2072 2191; x_wconf 80' lang='lat' dir='ltr'><strong>literae</strong></span> <span class='ocrx_word' id='word_1_186' title='bbox 2105 2134 2376 2211; x_wconf 72' lang='lat' dir='ltr'><strong>suspitio·</strong></span> 
     </span>
     <span class='ocr_line' id='line_1_24' title="bbox 380 2178 2378 2295; baseline -0.002 -18"><span class='ocrx_word' id='word_1_187' title='bbox 380 2236 511 2279; x_wconf 89' lang='lat' dir='ltr'><strong>nem</strong></span> <span class='ocrx_word' id='word_1_188' title='bbox 553 2216 795 2289; x_wconf 79' lang='lat' dir='ltr'><strong>dabant,</strong></span> <span class='ocrx_word' id='word_1_189' title='bbox 836 2178 1087 2276; x_wconf 67' lang='lat' dir='ltr'><strong>invalido</strong></span> <span class='ocrx_word' id='word_1_190' title='bbox 1132 2234 1201 2275; x_wconf 91' lang='lat' dir='ltr'><strong>ac</strong></span> <span class='ocrx_word' id='word_1_191' title='bbox 1243 2217 1498 2276; x_wconf 84' lang='lat' dir='ltr'><strong>fortasse</strong></span> <span class='ocrx_word' id='word_1_192' title='bbox 1545 2218 1747 2291; x_wconf 78' lang='lat' dir='ltr'><strong>ignaro</strong></span> <span class='ocrx_word' id='word_1_193' title='bbox 1795 2217 1930 2275; x_wconf 84' lang='lat' dir='ltr'><strong>fieta</strong></span> <span class='ocrx_word' id='word_1_194' title='bbox 1971 2216 2258 2295; x_wconf 81' lang='lat' dir='ltr'><strong>pleraque</strong></span> <span class='ocrx_word' id='word_1_195' title='bbox 2305 2215 2378 2276; x_wconf 90' lang='lat' dir='ltr'><strong>ob</strong></span> 
     </span>
    </p>

    <p class='ocr_par' dir='ltr' id='par_1_7' title="bbox 310 2296 1677 2367">
     <span class='ocr_line' id='line_1_25' title="bbox 310 2296 1677 2367; baseline -0.004 -4"><span class='ocrx_word' id='word_1_196' title='bbox 310 2324 362 2367; x_wconf 83' lang='lat'><strong>15</strong></span> <span class='ocrx_word' id='word_1_197' title='bbox 384 2302 703 2361; x_wconf 87' lang='lat' dir='ltr'><strong>inimicitias</strong></span> <span class='ocrx_word' id='word_1_198' title='bbox 734 2296 1023 2360; x_wconf 67' lang='lat' dir='ltr'><strong>Ma&#39;cronis</strong></span> <span class='ocrx_word' id='word_1_199' title='bbox 1050 2309 1217 2359; x_wconf 87' lang='lat' dir='ltr'><strong>notas</strong></span> <span class='ocrx_word' id='word_1_200' title='bbox 1245 2302 1304 2358; x_wconf 91' lang='lat' dir='ltr'><strong>in</strong></span> <span class='ocrx_word' id='word_1_201' title='bbox 1330 2299 1677 2359; x_wconf 85' lang='lat' dir='ltr'><strong>Arruntium.</strong></span> 
     </span>
    </p>

    <p class='ocr_par' dir='ltr' id='par_1_8' title="bbox 311 2382 2370 2714">
     <span class='ocr_line' id='line_1_26' title="bbox 311 2382 2369 2463; baseline -0.004 -15"><span class='ocrx_word' id='word_1_202' title='bbox 311 2394 381 2449; x_wconf 79' lang='lat'><strong>48</strong></span> <span class='ocrx_word' id='word_1_203' title='bbox 510 2386 609 2445; x_wconf 89' lang='grc'><strong>54</strong></span> <span class='ocrx_word' id='word_1_204' title='bbox 630 2383 839 2463; x_wconf 83' lang='lat' dir='ltr'><strong>Igitur</strong></span> <span class='ocrx_word' id='word_1_205' title='bbox 875 2382 1153 2443; x_wconf 86' lang='lat' dir='ltr'><strong>Domitius</strong></span> <span class='ocrx_word' id='word_1_206' title='bbox 1199 2383 1596 2443; x_wconf 87' lang='lat' dir='ltr'><strong>defensionem</strong></span> <span class='ocrx_word' id='word_1_207' title='bbox 1628 2382 1944 2459; x_wconf 90' lang='lat' dir='ltr'><strong>meditans,</strong></span> <span class='ocrx_word' id='word_1_208' title='bbox 1980 2382 2202 2443; x_wconf 85' lang='lat' dir='ltr'><strong>Marsus</strong></span> <span class='ocrx_word' id='word_1_209' title='bbox 2237 2390 2369 2440; x_wconf 86' lang='lat' dir='ltr'><strong>tam-</strong></span> 
     </span>
     <span class='ocr_line' id='line_1_27' title="bbox 381 2465 2370 2549; baseline -0.004 -20"><span class='ocrx_word' id='word_1_210' title='bbox 381 2486 548 2549; x_wconf 85' lang='lat' dir='ltr'><strong>quam</strong></span> <span class='ocrx_word' id='word_1_211' title='bbox 598 2468 843 2527; x_wconf 88' lang='lat' dir='ltr'><strong>inediam</strong></span> <span class='ocrx_word' id='word_1_212' title='bbox 902 2466 1342 2542; x_wconf 80' lang='lat' dir='ltr'><strong>destinavisset,</strong></span> <span class='ocrx_word' id='word_1_213' title='bbox 1400 2466 1729 2545; x_wconf 85' lang='lat' dir='ltr'><strong>produxere</strong></span> <span class='ocrx_word' id='word_1_214' title='bbox 1791 2469 1991 2527; x_wconf 79' lang='lat' dir='ltr'><strong>vitam:</strong></span> <span class='ocrx_word' id='word_1_215' title='bbox 2025 2465 2370 2539; x_wconf 73' lang='lat' dir='ltr'><strong>Arruntius,</strong></span> 
     </span>
     <span class='ocr_line' id='line_1_28' title="bbox 382 2528 2376 2629; baseline -0.004 -15"><span class='ocrx_word' id='word_1_216' title='bbox 382 2552 803 2614; x_wconf 79' lang='lat' dir='ltr'><strong>cunctationem</strong></span> <span class='ocrx_word' id='word_1_217' title='bbox 846 2558 905 2611; x_wconf 89' lang='lat' dir='ltr'><strong>et</strong></span> <span class='ocrx_word' id='word_1_218' title='bbox 944 2568 1139 2609; x_wconf 86' lang='lat' dir='ltr'><strong>moras</strong></span> <span class='ocrx_word' id='word_1_219' title='bbox 1180 2550 1550 2611; x_wconf 81' lang='lat' dir='ltr'><strong>suadentibus</strong></span> <span class='ocrx_word' id='word_1_220' title='bbox 1589 2552 1817 2629; x_wconf 86' lang='lat' dir='ltr'><strong>amicis,</strong></span> <span class='ocrx_word' id='word_1_221' title='bbox 1867 2568 1982 2611; x_wconf 81' lang='lat' dir='ltr'><strong>non</strong></span> <span class='ocrx_word' id='word_1_222' title='bbox 2010 2528 2206 2611; x_wconf 85' lang='lat' dir='ltr'><strong>eadem</strong></span> <span class='ocrx_word' id='word_1_223' title='bbox 2251 2566 2376 2625; x_wconf 52' lang='lat' dir='ltr'><strong>om:</strong></span> 
     </span>
     <span class='ocr_line' id='line_1_29' title="bbox 380 2632 2374 2714; baseline -0.004 -17"><span class='ocrx_word' id='word_1_224' title='bbox 380 2636 555 2699; x_wconf 82' lang='lat' dir='ltr'><strong>nibus</strong></span> <span class='ocrx_word' id='word_1_225' title='bbox 580 2636 797 2697; x_wconf 85' lang='lat' dir='ltr'><strong>decora</strong></span> <span class='ocrx_word' id='word_1_226' title='bbox 826 2634 1156 2714; x_wconf 82' lang='lat' dir='ltr'><strong>respondit.</strong></span> <span class='ocrx_word' id='word_1_227' title='bbox 1190 2632 1300 2693; x_wconf 86' lang='lat' dir='ltr'><strong>sibi</strong></span> <span class='ocrx_word' id='word_1_228' title='bbox 1331 2637 1470 2694; x_wconf 88' lang='lat' dir='ltr'><strong>satis</strong></span> <span class='ocrx_word' id='word_1_229' title='bbox 1503 2636 1740 2711; x_wconf 87' lang='lat' dir='ltr'><strong>aetatis,</strong></span> <span class='ocrx_word' id='word_1_230' title='bbox 1777 2652 1966 2713; x_wconf 75' lang='lat' dir='ltr'><strong>neque</strong></span> <span class='ocrx_word' id='word_1_231' title='bbox 1997 2632 2146 2693; x_wconf 86' lang='lat' dir='ltr'><strong>aliud</strong></span> <span class='ocrx_word' id='word_1_232' title='bbox 2171 2632 2374 2711; x_wconf 86' lang='lat' dir='ltr'><strong>paeni-</strong></span> 
     </span>
    </p>

    <p class='ocr_par' dir='ltr' id='par_1_9' title="bbox 333 2717 2384 3131">
     <span class='ocr_line' id='line_1_30' title="bbox 333 2717 2375 2799; baseline -0.002 -18"><span class='ocrx_word' id='word_1_233' title='bbox 333 2721 612 2783; x_wconf 69' lang='lat' dir='ltr'><strong>stendum</strong></span> <span class='ocrx_word' id='word_1_234' title='bbox 654 2738 821 2799; x_wconf 88' lang='lat' dir='ltr'><strong>quam</strong></span> <span class='ocrx_word' id='word_1_235' title='bbox 862 2718 1017 2797; x_wconf 86' lang='lat' dir='ltr'><strong>quod</strong></span> <span class='ocrx_word' id='word_1_236' title='bbox 1056 2720 1205 2776; x_wconf 88' lang='lat' dir='ltr'><strong>inter</strong></span> <span class='ocrx_word' id='word_1_237' title='bbox 1245 2717 1488 2778; x_wconf 85' lang='lat' dir='ltr'><strong>ludibria</strong></span> <span class='ocrx_word' id='word_1_238' title='bbox 1540 2729 1600 2778; x_wconf 91' lang='lat' dir='ltr'><strong>et</strong></span> <span class='ocrx_word' id='word_1_239' title='bbox 1637 2718 1896 2797; x_wconf 85' lang='lat' dir='ltr'><strong>pericula</strong></span> <span class='ocrx_word' id='word_1_240' title='bbox 1939 2720 2164 2777; x_wconf 86' lang='lat' dir='ltr'><strong>anxiam</strong></span> <span class='ocrx_word' id='word_1_241' title='bbox 2207 2734 2375 2777; x_wconf 85' lang='lat' dir='ltr'><strong>sene-</strong></span> 
     </span>
     <span class='ocr_line' id='line_1_31' title="bbox 382 2801 2378 2881; baseline -0.004 -15"><span class='ocrx_word' id='word_1_242' title='bbox 382 2815 529 2866; x_wconf 83' lang='lat' dir='ltr'><strong>ctam</strong></span> <span class='ocrx_word' id='word_1_243' title='bbox 556 2804 958 2879; x_wconf 77' lang='lat' dir='ltr'><strong>toleravisset,</strong></span> <span class='ocrx_word' id='word_1_244' title='bbox 1000 2802 1095 2861; x_wconf 88' lang='lat' dir='ltr'><strong>diu</strong></span> <span class='ocrx_word' id='word_1_245' title='bbox 1124 2801 1370 2879; x_wconf 88' lang='lat' dir='ltr'><strong>Seiano,</strong></span> <span class='ocrx_word' id='word_1_246' title='bbox 1415 2820 1566 2863; x_wconf 88' lang='lat' dir='ltr'><strong>nunc</strong></span> <span class='ocrx_word' id='word_1_247' title='bbox 1594 2803 1886 2879; x_wconf 85' lang='lat' dir='ltr'><strong>Macroni,</strong></span> <span class='ocrx_word' id='word_1_248' title='bbox 1930 2820 2164 2881; x_wconf 89' lang='lat' dir='ltr'><strong>semper</strong></span> <span class='ocrx_word' id='word_1_249' title='bbox 2205 2802 2378 2861; x_wconf 89' lang='lat' dir='ltr'><strong>alicui</strong></span> 
     </span>
     <span class='ocr_line' id='line_1_32' title="bbox 380 2886 2380 2987; baseline -0.004 -36"><span class='ocrx_word' id='word_1_250' title='bbox 380 2890 699 2971; x_wconf 89' lang='lat' dir='ltr'><strong>potentium</strong></span> <span class='ocrx_word' id='word_1_251' title='bbox 737 2886 986 2961; x_wconf 82' lang='lat' dir='ltr'><strong>invisus,</strong></span> <span class='ocrx_word' id='word_1_252' title='bbox 1032 2902 1147 2945; x_wconf 84' lang='lat' dir='ltr'><strong>non</strong></span> <span class='ocrx_word' id='word_1_253' title='bbox 1186 2887 1402 2987; x_wconf 59' lang='lat' dir='ltr'><strong>culpa,</strong></span> <span class='ocrx_word' id='word_1_254' title='bbox 1433 2886 1538 2946; x_wconf 88' lang='lat' dir='ltr'><strong>sed</strong></span> <span class='ocrx_word' id='word_1_255' title='bbox 1581 2897 1642 2946; x_wconf 87' lang='lat' dir='ltr'><strong>ut</strong></span> <span class='ocrx_word' id='word_1_256' title='bbox 1681 2887 2026 2964; x_wconf 83' lang='lat' dir='ltr'><strong>flagitiorum</strong></span> <span class='ocrx_word' id='word_1_257' title='bbox 2068 2887 2380 2963; x_wconf 79' lang='lat' dir='ltr'><strong>inpatiens.</strong></span> 
     </span>
     <span class='ocr_line' id='line_1_33' title="bbox 380 2968 2380 3069; baseline -0.003 -35"><span class='ocrx_word' id='word_1_258' title='bbox 380 2992 521 3034; x_wconf 87' lang='lat' dir='ltr'><strong>sane</strong></span> <span class='ocrx_word' id='word_1_259' title='bbox 552 2986 773 3051; x_wconf 79' lang='lat' dir='ltr'><strong>paucos</strong></span> <span class='ocrx_word' id='word_1_260' title='bbox 806 2978 867 3029; x_wconf 90' lang='lat' dir='ltr'><strong>et</strong></span> <span class='ocrx_word' id='word_1_261' title='bbox 890 2986 1193 3069; x_wconf 75' lang='lat' dir='ltr'><strong>supremos</strong></span> <span class='ocrx_word' id='word_1_262' title='bbox 1216 2972 1495 3049; x_wconf 74' lang='lat' dir='ltr'><strong>principis</strong></span> <span class='ocrx_word' id='word_1_263' title='bbox 1521 2971 1648 3031; x_wconf 89' lang='lat' dir='ltr'><strong>dies</strong></span> <span class='ocrx_word' id='word_1_264' title='bbox 1672 2989 1850 3050; x_wconf 77' lang='lat' dir='ltr'><strong>posse</strong></span> <span class='ocrx_word' id='word_1_265' title='bbox 1873 2972 2074 3029; x_wconf 85' lang='lat' dir='ltr'><strong>vitari:</strong></span> <span class='ocrx_word' id='word_1_266' title='bbox 2107 2986 2284 3047; x_wconf 82' lang='lat' dir='ltr'><strong>quem</strong></span> <span class='ocrx_word' id='word_1_267' title='bbox 2307 2968 2380 3029; x_wconf 81' lang='lat' dir='ltr'><strong>ad</strong></span> 
     </span>
     <span class='ocr_line' id='line_1_34' title="bbox 381 3052 2384 3131; baseline -0.003 -13"><span class='ocrx_word' id='word_1_268' title='bbox 381 3058 606 3117; x_wconf 81' lang='lat' dir='ltr'><strong>modum</strong></span> <span class='ocrx_word' id='word_1_269' title='bbox 646 3070 945 3115; x_wconf 81' lang='lat' dir='ltr'><strong>evasurum</strong></span> <span class='ocrx_word' id='word_1_270' title='bbox 997 3053 1338 3115; x_wconf 79' lang='lat' dir='ltr'><strong>imminentis</strong></span> <span class='ocrx_word' id='word_1_271' title='bbox 1385 3053 1713 3115; x_wconf 81' lang='lat' dir='ltr'><strong>iuventam?</strong></span> <span class='ocrx_word' id='word_1_272' title='bbox 1772 3073 1870 3131; x_wconf 87' lang='lat' dir='ltr'><strong>an,</strong></span> <span class='ocrx_word' id='word_1_273' title='bbox 1933 3072 2060 3123; x_wconf 77' lang='lat' dir='ltr'><strong>cum</strong></span> <span class='ocrx_word' id='word_1_274' title='bbox 2112 3052 2384 3113; x_wconf 82' lang='lat' dir='ltr'><strong>Tiberius</strong></span> 
     </span>
    </p>

    <p class='ocr_par' dir='ltr' id='par_1_10' title="bbox 312 3137 2386 3555">
     <span class='ocr_line' id='line_1_35' title="bbox 312 3137 2384 3222; baseline -0.005 -17"><span class='ocrx_word' id='word_1_275' title='bbox 312 3163 362 3205; x_wconf 80' lang='grc' dir='ltr'><strong>ιο</strong></span> <span class='ocrx_word' id='word_1_276' title='bbox 386 3150 524 3222; x_wconf 86' lang='lat' dir='ltr'><strong>post</strong></span> <span class='ocrx_word' id='word_1_277' title='bbox 564 3150 773 3200; x_wconf 81' lang='lat' dir='ltr'><strong>tantam</strong></span> <span class='ocrx_word' id='word_1_278' title='bbox 816 3155 1007 3216; x_wconf 78' lang='lat' dir='ltr'><strong>rerum</strong></span> <span class='ocrx_word' id='word_1_279' title='bbox 1057 3140 1468 3219; x_wconf 81' lang='lat' dir='ltr'><strong>experientiam</strong></span> <span class='ocrx_word' id='word_1_280' title='bbox 1524 3141 1580 3199; x_wconf 85' lang='lat' dir='ltr'><strong>vi</strong></span> <span class='ocrx_word' id='word_1_281' title='bbox 1621 3138 2018 3199; x_wconf 80' lang='lat' dir='ltr'><strong>dominationis</strong></span> <span class='ocrx_word' id='word_1_282' title='bbox 2064 3137 2384 3197; x_wconf 80' lang='lat' dir='ltr'><strong>convulsus</strong></span> 
     </span>
     <span class='ocr_line' id='line_1_36' title="bbox 384 3221 2386 3301; baseline -0.003 -16"><span class='ocrx_word' id='word_1_283' title='bbox 384 3236 442 3285; x_wconf 90' lang='lat' dir='ltr'><strong>et</strong></span> <span class='ocrx_word' id='word_1_284' title='bbox 482 3233 724 3285; x_wconf 69' lang='lat' dir='ltr'><strong>mutatus</strong></span> <span class='ocrx_word' id='word_1_285' title='bbox 770 3223 872 3299; x_wconf 89' lang='lat' dir='ltr'><strong>sit,</strong></span> <span class='ocrx_word' id='word_1_286' title='bbox 918 3221 1115 3283; x_wconf 82' lang='lat' dir='ltr'><strong>Gaium</strong></span> <span class='ocrx_word' id='word_1_287' title='bbox 1148 3221 1458 3283; x_wconf 86' lang='lat' dir='ltr'><strong>Gaesarem</strong></span> <span class='ocrx_word' id='word_1_288' title='bbox 1482 3226 1581 3283; x_wconf 81' lang='lat' dir='ltr'><strong>vix</strong></span> <span class='ocrx_word' id='word_1_289' title='bbox 1611 3224 1768 3283; x_wconf 75' lang='lat' dir='ltr'><strong>[inita</strong></span> <span class='ocrx_word' id='word_1_290' title='bbox 1796 3223 2072 3301; x_wconf 84' lang='lat' dir='ltr'><strong>pueritia,</strong></span> <span class='ocrx_word' id='word_1_291' title='bbox 2115 3223 2386 3298; x_wconf 81' lang='lat' dir='ltr'><strong>ignarum</strong></span> 
     </span>
     <span class='ocr_line' id='line_1_37' title="bbox 384 3304 2384 3386; baseline -0.003 -16"><span class='ocrx_word' id='word_1_292' title='bbox 384 3312 630 3370; x_wconf 85' lang='lat' dir='ltr'><strong>omnium</strong></span> <span class='ocrx_word' id='word_1_293' title='bbox 670 3315 763 3367; x_wconf 89' lang='lat' dir='ltr'><strong>aut</strong></span> <span class='ocrx_word' id='word_1_294' title='bbox 803 3308 1069 3386; x_wconf 81' lang='lat' dir='ltr'><strong>pessimis</strong></span> <span class='ocrx_word' id='word_1_295' title='bbox 1108 3308 1465 3382; x_wconf 80' lang='lat' dir='ltr'><strong>innutritum,</strong></span> <span class='ocrx_word' id='word_1_296' title='bbox 1517 3308 1760 3367; x_wconf 87' lang='lat' dir='ltr'><strong>meliora</strong></span> <span class='ocrx_word' id='word_1_297' title='bbox 1797 3305 2217 3384; x_wconf 82' lang='lat' dir='ltr'><strong>capessiturum</strong></span> <span class='ocrx_word' id='word_1_298' title='bbox 2257 3304 2384 3365; x_wconf 75' lang='lat' dir='ltr'><strong>Ma·</strong></span> 
     </span>
     <span class='ocr_line' id='line_1_38' title="bbox 385 3388 2384 3469; baseline -0.003 -16"><span class='ocrx_word' id='word_1_299' title='bbox 385 3411 565 3453; x_wconf 88' lang='lat' dir='ltr'><strong>crone</strong></span> <span class='ocrx_word' id='word_1_300' title='bbox 608 3388 799 3452; x_wconf 79' lang='lat' dir='ltr'><strong>duce?</strong></span> <span class='ocrx_word' id='word_1_301' title='bbox 844 3394 940 3469; x_wconf 72' lang='lat' dir='ltr'><strong>qni</strong></span> <span class='ocrx_word' id='word_1_302' title='bbox 982 3400 1042 3450; x_wconf 91' lang='lat' dir='ltr'><strong>ut</strong></span> <span class='ocrx_word' id='word_1_303' title='bbox 1082 3390 1338 3452; x_wconf 86' lang='lat' dir='ltr'><strong>deterior</strong></span> <span class='ocrx_word' id='word_1_304' title='bbox 1383 3390 1454 3449; x_wconf 85' lang='lat' dir='ltr'><strong>ad</strong></span> <span class='ocrx_word' id='word_1_305' title='bbox 1497 3390 1932 3469; x_wconf 83' lang='lat' dir='ltr'><strong>opprimendum</strong></span> <span class='ocrx_word' id='word_1_306' title='bbox 1965 3390 2236 3449; x_wconf 86' lang='lat' dir='ltr'><strong>Seianum</strong></span> <span class='ocrx_word' id='word_1_307' title='bbox 2277 3388 2384 3447; x_wconf 89' lang='lat' dir='ltr'><strong>de-</strong></span> 
     </span>
     <span class='ocr_line' id='line_1_39' title="bbox 385 3472 2386 3555; baseline -0.001 -20"><span class='ocrx_word' id='word_1_308' title='bbox 385 3476 569 3535; x_wconf 88' lang='lat' dir='ltr'><strong>lectus</strong></span> <span class='ocrx_word' id='word_1_309' title='bbox 607 3475 769 3555; x_wconf 84' lang='lat' dir='ltr'><strong>plura</strong></span> <span class='ocrx_word' id='word_1_310' title='bbox 809 3493 915 3555; x_wconf 87' lang='lat' dir='ltr'><strong>per</strong></span> <span class='ocrx_word' id='word_1_311' title='bbox 958 3475 1185 3535; x_wconf 86' lang='lat' dir='ltr'><strong>scelera</strong></span> <span class='ocrx_word' id='word_1_312' title='bbox 1226 3493 1348 3533; x_wconf 88' lang='lat' dir='ltr'><strong>rem</strong></span> <span class='ocrx_word' id='word_1_313' title='bbox 1386 3472 1670 3553; x_wconf 83' lang='lat' dir='ltr'><strong>publicam</strong></span> <span class='ocrx_word' id='word_1_314' title='bbox 1715 3473 2182 3535; x_wconf 83' lang='lat' dir='ltr'><strong>conflietavisset.</strong></span> <span class='ocrx_word' id='word_1_315' title='bbox 2241 3488 2386 3552; x_wconf 82' lang='lat' dir='ltr'><strong>pro·</strong></span> 
     </span>
    </p>
   </div>
  </div>
 </body>
</html>
