2475 4000
137 186 314 238 xv111
683 185 1222 234 COMMENTARIUS
1268 181 1604 232 emmens.

305 343 375 415 8,
413 353 448 405 8
475 345 624 401 uietu
661 336 675 422 Ι
713 349 778 403 18
805 345 1020 416 parenti
1047 336 1070 421 Ἰ
1106 349 1170 402 21
1193 343 1415 400 foveret
1444 359 1511 398 ae
1540 342 1771 398 tolleret
1794 343 1847 396 Β
1882 335 1893 419 Ι
1931 348 1995 402 21
2030 359 2157 399 eon-

137 431 377 490 firmaret
404 430 450 485 L
483 420 500 506 Ι
538 426 608 498 9,
651 435 685 488 6
713 428 1078 483 decernantur

307 510 415 583 16,
453 519 487 570 2
525 512 682 568 ndeis
733 507 744 588 Ι
794 519 826 570 5
857 511 908 566 is
939 517 1122 568 aetate
1154 511 1235 565 Ε.
1276 511 1326 566 is
1364 506 1566 580 lygdos
1601 515 1783 565 aetate
1834 503 1845 586 Ι
1892 513 1925 569 7
1956 503 2151 586 ineos}

11 630 20 640 ·
137 605 206 657 10
235 597 287 652 ei
317 595 408 652 R.-
452 602 508 651 et
555 590 564 670 Ι
616 603 678 654 11
719 601 936 668 captum
973 598 1060 653 vir
1089 595 1281 650 doctus
1314 596 1493 648 neseio
1522 596 1679 666 quis:
1710 607 1833 648 oum
1862 590 2002 668 (tum
2039 595 2149 649 eod

133 683 192 736 in
221 696 431 752 mar-9„
463 679 753 752 deceptum
783 671 898 750 Π)

306 761 524 834 11,17
555 779 626 818 ne
656 759 1058 828 add.R,an1e
1086 761 1249 817 avide
1279 761 1356 816 Re·
1389 761 1399 832 Ι
1440 767 1508 821 18
1534 759 1857 819 incredibili
1880 757 2149 835 (inei-edi

39 831 47 839 ⁸
135 847 271 905 bilia
301 849 429 903 incl.
463 847 542 914 Ν,
584 847 865 916 divulgata
895 858 1073 915 neque
1094 845 1456 901 incredibili-a
1491 841 1610 918 He)

307 927 416 1002 12,
438 929 440 932 ’
460 937 493 990 6
523 931 742 986 muitum
777 922 790 1007 Ι
829 935 895 988 13
921 927 1273 1000 superbiam,
1310 943 1414 984 em»
1440 927 1509 983 M
1537 922 1549 1008 Ι
1587 934 1656 988 14
1686 929 1866 1001 adque
1894 931 2033 984 haee
2066 919 2143 1004 ΑΙ

137 1021 203 1076 16
229 1015 376 1072 inter
402 1015 622 1071 intimas
654 1013 848 1081 aviae,
890 1011 1148 1068 oonsiiiis
1175 1012 1237 1070 N

307 1096 417 1169 13,
462 1097 492 1157 7
527 1109 736 1153 morum
767 1096 842 1152 L.-
885 1102 1188 1167 temporum
1217 1094 1763 1170 (temptamentorum
1800 1096 1875 1164 O,
1916 1101 2157 1152 tomen-

137 1189 315 1240 torum
347 1177 467 1253 He)
508 1174 518 1261 Ι
554 1188 590 1241 8
621 1179 902 1237 Carsidius
937 1178 1258 1234 Reinesius:
1304 1180 1519 1237 carsius
1558 1174 1567 1258 Ι
1608 1189 1671 1239 15
1707 1179 2029 1236 claritudini

305 1263 418 1334 14,
457 1273 490 1324 5
533 1281 598 1320 ea
635 1281 740 1335 qua
783 1270 984 1336 temp,
1024 1273 1125 1316 em.
1159 1263 1245 1322 R,-
1294 1279 1367 1319 ex
1400 1275 1504 1335 qut
1536 1269 1699 1335 temp.
1746 1265 1845 1326 W,·
1884 1281 1953 1320 ea
1996 1269 2159 1338 temp.

67 1380 75 1388 ·
142 1365 246 1420 qua
279 1347 378 1403 alii
403 1339 420 1424 ·Ι
453 1348 710 1404 conditus
745 1339 762 1423 Ι
796 1352 863 1404 14
889 1353 951 1400 ut
977 1346 1106 1401 add.
1150 1347 1417 1402 Victorius
1431 1354 1596 1420 ,post
1618 1353 1834 1420 patrum
1867 1347 1957 1403 Bz

311 1429 500 1500 15,1
534 1430 748 1498 adficit,
790 1444 893 1484 em.
931 1428 1008 1484 Ra·
1041 1428 1051 1499 Ι
1087 1435 1123 1489 8
1151 1430 1374 1486 dixerat

310 1525 419 1596 16,
457 1535 493 1588 8
534 1527 803 1583 accedere
852 1533 907 1582 et
943 1527 1057 1583 16.-
1111 1527 1407 1584 accederet
1443 1526 1749 1603 (accedere
1778 1525 1864 1602 Β)
1912 1523 1929 1612 Ι
1968 1533 2007 1590 9
2043 1539 2169 1602 post

139 1612 443 1673 vitarentur
477 1613 654 1683 Lipsio
677 1612 945 1683 quaedam
979 1611 1316 1667 &tter-cidisse
1346 1613 1667 1667 videbantur
1696 1607 1705 1689 Ι
1742 1612 1888 1684 quod
1912 1607 1996 1668 R.-
2045 1616 2167 1688 quo,

135 1697 175 1753 ι’.
206 1711 252 1752 e.
288 1696 560 1766 quoniam

311 1775 418 1848 17,
461 1788 492 1838 5
536 1777 769 1852 proinde
820 1771 832 1858 Ι
881 1785 916 1839 8
953 1780 1265 1850 pontificis,
1306 1780 1454 1853 quod
1493 1779 1556 1835 N
1589 1785 1766 1836 tuetur
1806 1781 1884 1836 ad
1925 1785 1992 1851 3,
2042 1789 2113 1842 58
2152 1774 2171 1859 Ι
2232 1751 2241 1762 ¹

140 1869 208 1921 14
243 1862 531 1920 deductam
569 1897 572 1905 ι

117 1979 126 1994 1
308 1944 415 2018 18,
460 1953 495 2008 4
526 1948 705 2005 vietor
729 1953 934 2023 quanto
964 1950 1080 2003 sine
1113 1949 1543 2020 interpunctione
1569 1948 1664 2004 alii
1700 1945 1709 2021 Ι
1748 1955 1779 2009 5
1808 1949 2177 2029 procederet,

137 2044 239 2088 em.
269 2032 324 2089 Β
361 2026 374 2111 Ι
412 2041 479 2091 10
505 2034 858 2105 inparemque
896 2050 957 2088 se
989 2037 1139 2087 tanto
1168 2032 1220 2088 P

309 2113 420 2185 19,
461 2123 497 2180 8
540 2123 765 2188 caperet
806 2132 914 2187 quo
952 2116 1136 2187 prium
1165 2114 1226 2170 id
1276 2108 1285 2191 Ι
1337 2122 1397 2174 11
1430 2120 1651 2188 patres,
1696 2117 1899 2172 silente
1943 2133 2087 2187 reo,

140 2204 499 2271 premeretur.
550 2199 898 2255 Conscientia
927 2202 1024 2255 alii
1055 2203 1446 2271 interpunyunt
1478 2190 1490 2277 Ι
1529 2200 1598 2258 14
1626 2199 1795 2256 soeia·

305 2293 417 2374 20,
460 2303 493 2358 7
533 2296 621 2353 Μ.
666 2298 964 2369 Borghesi.-
1009 2299 1076 2353 Μ.
1130 2291 1141 2375 Ι
1192 2306 1262 2357 10
1309 2299 1593 2370 comperio
1634 2300 1690 2355 B
1737 2293 1745 2379 Ι
1797 2306 1867 2357 20
1905 2299 2181 2371 proinde,

139 2382 287 2455 quod
309 2384 542 2437 servavit
567 2380 626 2437 N
638 2388 881 2437 statuens
900 2376 1238 2454 sequentibus
1259 2384 1551 2452 particulis
1575 2400 1766 2455 quam,
1801 2398 1892 2451 ao,
1918 2388 1978 2436 ut
2005 2398 2185 2439 usum

138 2481 284 2523 vocc-
313 2466 544 2538 perinde
567 2472 618 2522 et
643 2465 878 2539 proinde
902 2467 1230 2537 promiscum
1254 2465 1469 2540 fuisse.

305 2546 417 2619 21,
459 2555 492 2609 7
535 2551 895 2623 pisonemque
945 2548 1206 2619 grauius,
1254 2563 1355 2603 em.
1394 2546 1440 2605 L
1482 2547 1877 2625 (Pisonemque
1927 2549 2185 2607 Granius

139 2630 245 2713 Βί)
281 2626 292 2711 Ι
330 2630 444 2703 23,
487 2640 520 2693 3
550 2634 642 2688 ubi
673 2634 746 2688 L.-
784 2633 883 2687 sub

311 2715 428 2800 24,
472 2736 503 2790 7
535 2730 649 2787 sui:
685 2730 870 2787 statim
901 2731 948 2785 A
986 2720 994 2806 Ι
1035 2734 1100 2789 12
1127 2730 1493 2801 popularibus
1530 2736 1756 2803 recepto
1796 2732 2011 2787 leameo

306 2824 419 2898 25,
474 2836 538 2888 13
575 2828 624 2884 si
667 2828 792 2899 quis
839 2820 852 2905 Ι
904 2832 968 2887 16
1007 2827 1355 2885 circumfusis
1396 2830 1486 2886 He
1532 2832 1587 2885 in
1627 2830 1825 2903 praef.
1867 2846 1934 2901 p.
1968 2828 2184 2893 LXX
2176 2856 2189 2865 -

136 2915 298 2969 immo
328 2912 554 2983 offusis,
592 2914 644 2968 si
673 2911 806 2983 quid
833 2900 1173 2976 mutandum,
1205 2919 1265 2967 ut
1290 2913 1338 2968 L
1370 2914 1615 2979 malebat
1636 2906 1648 2991 Ι
1686 2918 1750 2973 17
1786 2914 1951 2969 multa

307 3006 422 3079 26,
466 3014 497 3068 7
541 3015 599 3063 et
641 3009 836 3080 eulpae
880 3025 990 3065 non
1031 3011 1222 3067 nescia
1262 3013 1307 3067 J
1315 3012 1389 3080 G
1436 3018 1493 3068 et
1530 3028 1579 3066 o.
1613 3009 1839 3067 eonsoia
1867 3010 1941 3079 L,
1974 3026 2089 3065 nec
2128 3028 2181 3067 o.

141 3096 331 3153 nescia
360 3092 552 3165 Hyele,
595 3098 652 3147 et
683 3108 732 3147 o.
766 3092 920 3149 socia
949 3093 1030 3163 Ν,
1067 3099 1130 3149 ut
1157 3095 1433 3164 &meseia
1462 3095 1576 3151 He:
1629 3095 1783 3149 Alius
1804 3095 2048 3165 scriptor
2084 3100 2185 3150 set

143 3182 338 3252 eulpae
367 3177 557 3233 neseio
590 3175 845 3240 dicasset,
881 3176 1100 3233 Tacitus
1123 3192 1224 3233 suo
1255 3192 1407 3233 more
1440 3185 1527 3248 et,
1553 3179 1627 3234 de
1657 3194 1763 3251 quo
1779 3179 2019 3249 propo-io
2046 3181 2199 3233 eius.

138 3278 246 3323 usu
285 3281 337 3319 v.
386 3260 585 3317 Wamz.
625 3261 702 3316 ad
736 3267 797 3330 1,
841 3266 924 3321 13-
1007 3262 1128 3317 Nec
1159 3267 1666 3334 pmamslyentem
1702 3261 2109 3318 Garamantum
2140 3278 2181 3315 a
2292 3294 2294 3339 5

145 3349 329 3404 Tacito
363 3346 556 3416 eulpae
587 3346 858 3401 consciam
885 3345 1082 3401 dictam
1113 3338 1257 3406 esse,
1302 3346 1451 3416 quod
1487 3348 1539 3401 si
1567 3348 1840 3409 voluisset,
1886 3346 2037 3401 nullo
2064 3345 2175 3401 ad-

137 3432 428 3523 ditamento
455 3444 592 3502 opus
617 3435 769 3499 erat,
807 3444 931 3484 cum
957 3430 1067 3483 iam
1095 3442 1170 3483 ex
1195 3429 1359 3486 verbo
1393 3432 1653 3503 pereulsa
1696 3428 1757 3485 id
1793 3426 2033 3501 intelleqi
2059 3445 2174 3501 po-

2284 3474 2302 3764 Ι

2284 3767 2323 3943 ,Ι
