2475 4000
625 159 630 171 ¹
667 174 901 249 'mmm
933 202 1034 249 111.
1086 200 1235 265 cAP,
1268 200 1511 254 72—76.
1990 192 2099 252 111

119 370 367 433 ponens,
411 354 526 413 dux
570 356 700 433 ipse
729 364 866 415 -arta
909 366 968 417 et
1027 356 1251 415 infensa
1299 355 1557 415 hostibus
1608 366 1808 417 cuncta
1859 358 2103 435 fecerat,

120 440 276 516 quia,
315 456 546 517 quoquo
586 438 956 517 inclinarent,
1010 458 1142 521 pars
1183 439 1375 517 aliqua
1418 440 1611 499 militis
1641 442 1881 501 Romani
1912 444 1969 501 in
2000 460 2103 502 ore

119 522 170 580 in
198 523 379 582 latere
410 531 466 581 et
490 541 670 600 saepe
701 540 733 581 a
763 532 932 600 tergo
966 533 1116 592 erat;
1159 524 1435 601 multique
1477 541 1548 583 eo
1594 525 1762 584 modo
1802 529 1956 586 caesi
2007 536 2101 586 aut
2128 545 2177 585 10

120 607 505 665 circumventi.
595 616 731 665 tunc
797 609 1142 686 tripertitum
1196 609 1513 666 exercitum
1568 607 1748 686 pluris
1798 612 1854 668 in
1908 629 2105 671 manus

119 689 397 767 dispergit
439 691 860 769 praeponitque
903 693 1272 751 centuriones
1325 692 1546 750 virtutis
1608 702 1905 771 expertae.
1974 712 2102 771 nec,

117 782 172 831 ut
199 791 325 833 mos
356 774 562 850 fuerat,
597 783 722 834 acta
755 784 974 834 aestate
1007 774 1246 835 retrahit
1276 776 1479 852 copias
1512 784 1607 834 aut
1642 777 1696 834 in
1720 775 2105 836 hibernaculis

120 859 330 917 veteris
362 860 694 935 provinciae
727 860 1040 936 componit,
1073 858 1178 918 sed
1210 866 1268 917 nt
1300 860 1355 916 in
1387 858 1581 917 limine
1624 858 1764 918 belli
1806 860 2104 938 dispositis

121 940 371 1000 castellis
403 960 511 1019 per
543 942 847 1020 expeditos
876 952 932 1001 et
980 942 1341 1003 solitudinum
1371 960 1598 1023 ,gnaros
1641 952 1946 1002 mutantem
1990 962 2103 1003 ma·
2127 960 2178 999 15

111 1024 266 1104 xpalia
297 1024 716 1085 Tacfarinatem
750 1026 1156 1106 proturbabat,
1193 1026 1383 1085 donec
1410 1026 1588 1086 fratre
1631 1031 1753 1087 eius
1803 1036 1974 1105 capto
2016 1046 2105 1086 re-

117 1126 353 1184 gressus
383 1117 488 1185 est,
531 1111 932 1188 properantius
963 1120 1151 1169 tamen
1187 1127 1351 1187 qnam
1396 1128 1469 1168 ex
1513 1111 1750 1170 utilitate
1796 1113 2105 1186 sociorum,

115 1193 332 1251 relictis
366 1210 471 1272 per
505 1210 651 1270 quos
693 1203 1030 1269 resurgeret
1076 1193 1311 1252 bellum.
1380 1191 1483 1252 sed
1512 1190 1776 1258 Tiberius
1820 1212 1927 1272 pro
1973 1212 2105 1254 con-

115 1276 272 1335 fecto
325 1277 732 1355 interpretatus
771 1277 827 1336 id
872 1296 1099 1357 quoque
1147 1276 1359 1336 Blaeso
1404 1276 1599 1337 tribuit
1640 1287 1700 1337 ut
1728 1278 2042 1357 imperator
2074 1296 2105 1337 a

115 1358 441 1437 legionibus
488 1360 831 1421 salutaretur
879 1364 1076 1439 prisco
1119 1379 1261 1437 erga
1305 1359 1481 1419 duces
1528 1359 1779 1438 honore,
1831 1365 1924 1440 qui
1952 1362 2179 1421 bene20

89 1452 282 1519 'gesta
316 1462 380 1502 re
415 1443 644 1522 publica
673 1444 886 1521 gaudio
919 1455 976 1505 et
1007 1446 1222 1523 impetu
1252 1446 1488 1503 victoris
1538 1449 1828 1505 exercitus
1872 1446 2104 1505 concla-

112 1530 436 1596 mabantur;
472 1538 749 1606 erantque
783 1529 981 1607 plures
1017 1528 1180 1588 simul
1209 1531 1594 1607 imperatores
1640 1548 1750 1589 nec
1790 1547 1967 1608 super
2009 1548 2104 1589 ce-

112 1618 366 1672 teror‘um
411 1612 830 1691 aequalitatem.
901 1614 1192 1673 concessit
1235 1611 1567 1690 quibusdam
1616 1623 1673 1672 et
1715 1614 2009 1691 Augustus
2051 1613 2107 1671 id

113 1695 476 1771 vocabulum,
509 1715 577 1755 ac
613 1705 746 1755 tunc
776 1696 1042 1757 Tiberius
1075 1697 1284 1756 Blaeso
1319 1706 1689 1775 postremum.

241 1781 341 1841 75.
391 1780 602 1839 Obiere
633 1799 704 1841 eo
741 1799 890 1841 anno
924 1784 1030 1841 viri
1072 1781 1345 1841 inlustres
1376 1780 1611 1839 Asinius
1647 1782 1984 1854 Saloninus,
2030 1781 2106 1841 M.

112 1860 380 1942 Agrippa
412 1874 470 1924 et
501 1865 766 1926 Pollione
791 1865 994 1925 Asinio
1037 1867 1196 1940 avis,
1239 1864 1419 1923 fratre
1460 1862 1649 1922 Druso
1693 1866 1933 1940 insignis
1964 1863 2108 1924 Cae·

113 1948 342 2026 sar-ique
377 1966 670 2030 progener
701 1949 1045 2026 destinatus,
1091 1958 1147 2009 et
1193 1946 1399 2026 Capito
1445 1945 1679 2021 Ateius,
1722 1946 1793 2004 de
1837 1965 1949 2025 quo
1994 1966 2107 2006 me-

110 2034 348 2108 moravi,
384 2034 704 2113 principem
733 2037 790 2094 in
823 2034 1051 2094 civitate
1085 2033 1279 2092 locum
1314 2029 1516 2089 studiis
1542 2028 1828 2088 ‘civilibus
1872 2029 2127 2090 adsecu-'

111 2123 236 2189 tuS,
282 2116 385 2174 sed
417 2133 524 2175 avo
558 2119 893 2177 centurione
927 2116 1195 2192 Sullane,
1244 2122 1407 2193 patre
1452 2116 1767 2192 praetorio.
1845 2114 2104 2173 consula·
2130 2123 2172 2161 ⁵·

109 2208 230 2258 tum
269 2200 321 2254 ei
349 2198 784 2260 adceleraverat
815 2201 1132 2277 Augustus,
1164 2207 1223 2258 ut
1252 2195 1577 2258 Labeonem
1601 2198 1906 2258 Antistium
1930 2198 2109 2257 isdem

112 2277 331 2339 artibus
375 2283 821 2358 praecellentem
866 2284 1194 2359 dignatione
1254 2284 1375 2342 eius
1424 2284 1791 2359 magistratus
1843 2283 2105 2342 anteiret.

109 2380 358 2440 namque
397 2363 497 2423 illa
537 2374 694 2426 aetas
737 2366 848 2426 duo
889 2368 1054 2446 pacis
1092 2367 1305 2426 decora
1338 2365 1510 2425 'simul
1556 2366 1709 2426 tulit:
1765 2367 1867 2426 sed
1912 2365 2105 2426 Labeo

109 2451 447 2526 incorrupta
481 2447 777 2526 libertate,
809 2460 868 2510 et
901 2450 976 2510 ob
1013 2450 1071 2511 id
1101 2452 1249 2511 fama
1280 2449 1649 2526 celebratior,
1685 2449 1981 2529 Capitonis
2006 2449 2125 2530 ob·-

115 2533 376 2610 sequium
409 2531 826 2618 dominantibus
857 2538 1041 2612 magis
1079 2533 1453 2614 probabatur.
1524 2533 1637 2610 illi,
1683 2534 1837 2613 quod
1881 2542 2179 2612 praeta-10

113 2635 232 2674 ram
257 2619 412 2675 intra.
435 2617 612 2693 stetit,
643 2619 1059 2680 commendatio
1093 2638 1167 2679 ex
1197 2621 1431 2695 iniuria,
1463 2619 1624 2694 huic,
1660 2618 1814 2695 quod
1848 2616 2107 2678 consula-

114 2707 228 2759 tum
261 2699 504 2778 adeptus
535 2710 642 2777 est,
673 2701 864 2762 odium
893 2721 970 2762 ex
997 2705 1204 2764 invidia
1237 2703 1547 2764 oriebatur.

241 2784 342 2844 76.
394 2783 468 2844 Et
517 2783 678 2846 Iunia
741 2789 1144 2864 sexagensimo
1208 2797 1413 2868 quarto
1484 2795 1618 2864 post
1682 2785 2111 2864 Philippensem

119 2869 300 2927 aciem
347 2886 493 2928 anno
541 2879 864 2948 supremum
901 2871 1049 2930 diem
1087 2873 1383 2949 explevit,
1424 2869 1643 2930 Catone
1678 2867 1963 2930 avunculo
2006 2885 2108 2945 ge·

116 2952 251 3027 nita,
285 2951 352 3011 C.
388 2951 574 3012 Cassii
604 2971 770 3031 uxor,
802 2955 880 3015 Μ.
911 2954 1069 3014 Bruti
1098 2973 1290 3016 soror.
1353 2963 1751 3015 testamentum
1786 2955 1909 3012 eius
1932 2952 2108 3011 multo

117 3037 268 3112 apud
305 3037 537 3113 vulgum
568 3055 798 3098 rumore
831 3039 956 3114 fuit,
990 3041 1121 3117 quia
1155 3041 1212 3098 in
1248 3042 1469 3114 magnis
1499 3036 1741 3117 opibuS,
1778 3056 1903 3097 cum
1928 3036 2108 3095 ferme

119 3129 355 3182 cunctos
390 3138 673 3198 proceres
713 3141 840 3182 cum
883 3122 1103 3183 honore
1136 3123 1578 3195 nominavisset,
1618 3119 1926 3184 Caesarem
1968 3121 2103 3180 omi·
2130 3131 2158 3169 5

118 3203 206 3259 sit.
282 3205 436 3283 quod
482 3206 726 3268 civiliter
769 3216 1105 3286 acceptum,
1174 3223 1362 3284 neque
1426 3205 1717 3282 prohibuit
1766 3222 1878 3281 quo
1930 3205 2111 3262 minus

118 3283 442 3348 laudatione
477 3306 581 3365 pro
616 3293 836 3356 rostris.
857 3293 1184 3369 ceterisque
1229 3288 1601 3348 sollemnibus
1644 3289 1811 3348 funus
1858 3287 2107 3348 cohone-

119 3377 382 3432 staretur.
452 3374 655 3449 viginti
691 3375 1134 3436 clarissimarum
1162 3373 1503 3435 familiarum
1528 3374 1803 3449 imagines
1829 3373 2108 3433 antelatae
2207 3381 2215 3388 ”

118 3465 274 3533 sunt,
320 3457 549 3534 Manlii,
597 3459 846 3533 Quinctii
891 3460 1114 3539 aliaque
1166 3457 1425 3518 eiusdem
1487 3456 1801 3520 nobilitatis
1859 3457 2104 3516 nomina.
