2475 4000
375 163 499 224 316
913 173 1240 222 CORNELII
1267 173 1500 220 mern
1525 174 1887 220 ANNALmu

782 393 1443 476 CORNELII
1501 395 1964 476 TACITI

874 519 971 633 ἈΒ
1014 566 1315 635 Excssssu
1359 568 1506 631 mvl
1545 505 1843 634 mansu

684 725 771 818 A
872 720 961 816 N
1058 719 1147 815 N
1245 722 1332 815 A
1426 721 1510 815 L
1602 721 1654 814 I
1747 721 1838 814 U
1931 717 2040 814 M

1052 889 1635 956 LIBERXVI.

366 1201 790 1252 BREVIARIUM.
848 1201 966 1268 Cap.
1004 1203 1150 1253 1-3.
1201 1205 1371 1253 llludit
1402 1203 1605 1252 fortuna
1635 1203 1840 1251 vanitati
1866 1199 2082 1248 Neronis
2111 1213 2202 1264 per
2228 1199 2354 1248 Bas—
2444 1195 2445 1208 ¹

439 1287 567 1331 sum,
602 1271 686 1334 qui
710 1269 1075 1320 thesaurum-in
1096 1272 1334 1322 Numidia
1355 1273 1616 1322 defossum
1641 1273 1804 1329 iactat,
1839 1283 1984 1331 quem
2011 1267 2356 1326 Neratium-a

442 1341 649 1404 quaerit.
713 1339 765 1386 4.
806 1339 1022 1388 Lustrali
1056 1342 1326 1391 certamine
1356 1342 1562 1390 victoria
1589 1349 1766 1388 cantus
1791 1337 1954 1388 oblata
1977 1336 2163 1386 Neroni
2193 1345 2242 1385 et
2271 1350 2354 1384 co-

364 1432 371 1438 ·
408 1429 411 1432 ⁴
439 1423 567 1456 rona
594 1407 875 1457 facundiae.
932 1408 982 1457 5.
1018 1410 1076 1456 In
1102 1423 1161 1458 eo
1193 1411 1476 1474 spectaculo
1514 1408 1796 1457 auditorum
1829 1405 2060 1454 molestia
2084 1414 2132 1454 et
2157 1404 2352 1470 Vespa—

440 1475 568 1524 siani
596 1475 891 1539 periculum.
952 1475 1003 1525 6.
1036 1476 1322 1542 Poppaeam
1355 1485 1601 1526 mortuam
1637 1476 1805 1524 laudat
1840 1473 1971 1522 Nero
1998 1473 2134 1538 apud
2170 1482 2350 1521 rostra.

437 1541 609 1592 7—9.
645 1541 783 1589 Pulsi
820 1541 1024 1591 Cassius
1067 1553 1115 1592 et
1158 1543 1363 1606 Silanus
1398 1554 1652 1594 necantur.
1714 1542 1791 1593 10.
1822 1543 1902 1592 11.
1955 1540 2011 1589 L.
2041 1541 2201 1590 Vetus
2241 1554 2354 1588 cum
2448 1560 2449 1606 ς

438 1609 611 1660 Sextia
638 1623 787 1657 socru
811 1617 859 1656 et
890 1603 1090 1659 Pollitta
1112 1611 1216 1660 filia
1241 1615 1387 1676 perit.
1451 1614 1534 1665 12.
1575 1611 1893 1661 Accusatoris
1917 1609 2159 1674 praemia.
2210 1607 2354 1656 Men—

438 1681 568 1728 sium
598 1691 729 1725 nova
752 1678 970 1729 nomina.
1010 1681 1087 1728 14.
1115 1679 1333 1728 Turbine
1361 1689 1625 1730 ventorum
1657 1687 1848 1730 vastata
1869 1677 2162 1742 Campania.
2191 1676 2354 1724 Pesti—

436 1746 607 1795 lentia.
660 1745 1053 1828 Lugdunensem
1098 1747 1289 1796 cladem
1327 1750 1562 1814 princeps
1601 1749 1802 1798 solatur.
1884 1747 1964 1796 14.
2005 1745 2087 1794 15.
2149 1743 2352 1794 Sosiani

434 1815 613 1864 fraude
652 1812 1007 1864 Chaldaeorum
1044 1816 1384 1878 consultores,
1427 1817 1482 1866 P.
1521 1817 1733 1865 Anteius
1771 1824 1818 1866 et
1845 1814 2072 1864 Ostorius
2115 1812 2350 1877 Scapula,

433 1883 585 1932 delati
624 1890 832 1932 mortem
871 1884 997 1933 iussi
1037 1893 1324 1950 properant.
1385 1884 1464 1934 16.
1501 1883 1656 1934 Taciti
1685 1899 1835 1948 super
1861 1890 1932 1932 tot
1963 1881 2190 1930 cladibus
2229 1895 2352 1942 que—

437 1951 586 2001 relae.
623 1950 704 2000 17.
737 1949 942 2001 Rufrius
966 1953 1228 2019 Crispinus
1255 1960 1456 2003 coactus
1480 1969 1535 2004 se
1561 1951 1806 2003 interficit.
1861 1950 1990 2000 Mela
2014 1949 2160 1999 falsis
2191 1949 2352 1998 literis
2452 1980 2453 2029 1

434 2022 817 2079 circumventus,
850 2022 1099 2085 similique
1116 2030 1229 2070 arte
1251 2022 1472 2073 Cerialia.
1540 2021 1622 2072 18.
1652 2022 1731 2073 19.
1763 2021 1817 2071 C.
1843 2020 2124 2080 Petroniu8‚
2149 2018 2348 2067 erudito
2452 2030 2453 2043 ¹

434 2090 557 2138 luxu
590 2097 766 2148 notus,
802 2089 1036 2153 Tigellini
1082 2091 1273 2139 invidia
1307 2106 1521 2151 exosus,
1560 2105 1716 2141 venas
1753 2090 1848 2139 sibi
1882 2088 2092 2137 incidit..
2131 2087 2352 2151 Flagitia

431 2158 648 2221 principi
694 2156 935 2206 codicillis
988 2158 1270 2222 exprobrat.
1335 2158 1419 2209 20.
1471 2159 1592 2207 Inde
1627 2158 1776 2208 Siliae
1817 2156 2040 2206 exilium.
2099 2154 2348 2205 21—23.

433 2224 705 2272 Thraseam
742 2224 948 2274 Paetum
984 2235 1219 2275 accusant
1250 2227 1576 2277 Cossutianus
1609 2236 1656 2275 et
1682 2226 1894 2290 Eprius,
1940 2223 2153 2291 Baream
2197 2222 2350 2272 Sora-

433 2307 554 2340 num
587 2290 812 2341 Ostorius
850 2292 1083 2343 Sabinus.
1149 2294 1233 2342 24.
1283 2294 1364 2342 Ad
1405 2294 1653 2344 Neronem
1686 2294 1939 2342 codicillos
1977 2292 2062 2340 dat
2102 2290 2345 2340 Thrasea.

432 2361 481 2409 Is
508 2368 677 2424 patres
700 2361 871 2408 vocari
905 2361 1058 2413 iubet.
1121 2362 1203 2411 25.
1243 2362 1328 2413 26.
1365 2362 1620 2412 Consultat
1645 2360 1866 2411 Thrasea
1901 2375 1963 2408 an
1994 2360 2044 2408 in
2085 2360 2231 2408 curia
2263 2360 2349 2408 de—

431 2428 712 2477 fensionem
745 2434 915 2477 tentet.
976 2430 1059 2478 27.
1100 2428 1230 2493 Nero
1254 2440 1482 2480 senatum
1510 2432 1662 2480 armis
1698 2430 1916 2487 obsidet,
1951 2427 2346 2490 infrequentiam

428 2506 629 2561 patrum
664 2497 848 2560 arguit.
913 2496 1135 2547 28—30.
1180 2497 1444 2549 Marcellus
1483 2499 1666 2563 Eprius
1702 2496 1999 2557 Thraseam,
2036 2495 2343 2555 Helvidium,

430 2565 768 2628 Agrippinum
786 2602 799 2627 ,
834 2565 1149 2625 Montanum,
1181 2564 1407 2615 Ostorius
1438 2567 1648 2616 Baream
1672 2581 1782 2615 cum
1819 2565 1922 2613 filia
1945 2564 2159 2613 Servilia
2201 2579 2345 2612 accu-

390 2667 398 2675 ·
431 2642 556 2681 sant.
620 2630 703 2681 31.
735 2632 922 2681 Eorum
950 2634 1246 2684 miserabilis
1272 2634 1499 2683 defensio
1525 2635 1577 2685 in
1607 2636 1799 2684 se'natu.
1863 2632 1948 2685 32.
1974 2631 2057 2682 33.
2094 2632 2345 2696 Egnatius

428 2700 810 2765 pseudostoicus
842 2701 1034 2765 perfide
1073 2703 1125 2751 in
1153 2701 1398 2751 Soranum
1433 2704 1562 2767 agit3
1603 2704 1683 2751 cui
1719 2702 1922 2752 Cassius
1951 2700 2343 2764 Asclepiodotus

430 2770 690 2833 egregiam
723 2768 873 2817 fldem
899 2778 1135 2835 praestat.
1160 2769 1439 2831 Thraseae,
1478 2770 1694 2830 Soram,
1725 2770 1963 2819 Serviliae
1992 2768 2141 2817 datur
2163 2769 2344 2817 mortis

356 2840 360 2853 ¹
426 2837 701 2885 arbitrium.
753 2836 1039 2897 Helvidius,
1087 2837 1337 2887 Paconius
1373 2840 1516 2887 Italia
1550 2840 1700 2905 pulsi.
1750 2838 2014 2887 Montanus
2050 2836 2184 2900 patri
2223 2850 2342 2884 con·

426 2919 619 2953 cessus.
676 2906 1008 2955 Accusatores
1027 2908 1346 2959 remunerati.
1397 2906 1480 2957 34.
1514 2906 1737 2955 Thrasea
1761 2906 1881 2954 libat
1909 2906 2014 2955 Iovi
2042 2904 2322 2953 liberatori.

530 2974 664 3020 Anni
688 2973 837 3021 unius
860 2971 984 3021 haec
1007 2981 1179 3037 gesta,
1215 2975 1334 3035 quia
1356 2976 1548 3037 reliqua
1578 2975 1690 3023 libri
1715 2974 1873 3023 fatum
1897 2972 2100 3032 invidit,
2129 2970 2184 3021 C.
2219 2971 2344 3022 Sue-

424 3042 560 3089 tonio
594 3040 775 3089 Luccio
799 3039 1029 3090 Telesino
1054 3055 1185 3091 coss.

489 3149 541 3206 1.
607 3146 807 3207 Inlusit
862 3146 1067 3207 dehinc
1117 3146 1336 3206 Neroni
1377 3148 1606 3208 fortuna
1658 3166 1764 3227 per
1805 3148 2109 3206 vanitatem
2155 3149 2340 3225 ipsius

357 3240 415 3290 et
461 3233 740 3310 promissa
771 3230 1022 3290 Caeselli
1052 3228 1249 3307 Bassi,
1301 3232 1396 3308 qui
1432 3234 1656 3309 origine
1687 3231 1946 3306 Poenus,
1989 3238 2180 3288 mente
2224 3239 2336 3289 tur-

356 3313 519 3390 bida,
566 3323 878 3373 nocturnae
919 3312 1125 3391 quietis
1157 3314 1461 3391 imaginem
1505 3316 1574 3375 ad
1622 3333 1782 3393 spem
1822 3314 1969 3373 haud
2000 3312 2209 3372 dubiae
2249 3314 2336 3371 rei

356 3399 557 3473 traxit,
606 3405 926 3474 vectusque
962 3396 1234 3473 Romam,
1278 3398 1551 3477 principis
1597 3398 1806 3457 aditum
1836 3392 2190 3471 emereatus,
2235 3414 2335 3455 ex-
