2475 4000
730 230 939 279 mmm
960 232 1102 279 nv.
1138 230 1288 279 cu».
1311 229 1506 283 2—5.
1849 236 1856 241 ·
1997 220 2123 281 255

120 388 321 463 elicit,
366 386 639 447 ferendas
683 387 1001 466 parentium
1042 386 1368 446 iracundias
1409 395 1468 445 et
1507 386 1846 465 placandum
1877 389 2123 447 'animum

119 471 428 545 dictitans,
477 472 591 549 quo
634 488 921 532 rumorem
955 468 1452 531 reconciliationis
1491 470 1757 531 efiiceret
1797 474 2120 551 acciperet-

120 574 237 635 que
266 555 630 635 Agrippina,
670 554 829 616 facili
868 554 1205 615 feminarum
1245 554 1586 615 credulitate
1619 555 1693 615 ad
1730 555 1956 633 gaudia.
2017 576 2116 617 ve·
2143 580 2170 618 5

114 642 377 700 nientem
424 640 633 700 dehinc
664 638 873 699 obvius
912 639 973 699 in
1013 638 1182 699 litora
1214 640 1376 718 (nam
1403 637 1578 698 Antio
1609 639 1984 719 adventabat)
2019 660 2118 714 ex-

120 726 284 803 cepit
330 740 499 782 manu
543 733 603 783 et
645 723 953 802 complexu
992 723 1264 802 ducitque
1306 722 1540 783 Baulos.
1597 724 1654 784 id
1695 723 1885 783 villae·
1911 742 2122 785 nomen

92 818 211 869 ‘est
243 824 397 887 quae
425 809 873 891 promunturium
899 807 1179 868 Misenum
1206 810 1358 869 inter
1384 816 1442 868 et
1462 806 1734 867 Baianum
1755 807 1942 867 lacum
1964 808 2120 868 flexo

116 894 261 953 mari
296 891 559 953 adluitur.
628 892 817 953 stabat
855 894 1005 952 inter
1032 892 1178 953 alias
1218 895 1383 953 navis
1413 893 1700 968 ornatior,
1751 900 2036 970 tamquam
2063 893 2122 953 id

116 994 359 1057 quoque
399 976 604 1036 honori
648 978 845 1037 matris
886 975 1146 1037 daretur:
1202 979 1421 1057 quippe
1441 986 1744 1037 *sueverat
1795 977 2013 1035 triremi
2058 986 2122 1035 et
2138 996 2194 1035 ιο

117 1060 551 1123 classiariorum
582 1062 827 1138 remigio
859 1059 1013 1121 vehi.
1074 1079 1142 1120 ac
1181 1069 1298 1120 tum
1334 1061 1569 1121 invitata
1609 1060 1682 1122 ad
1725 1059 1930 1138 epulas
1973 1068 2118 1135 erat,

114 1156 175 1206 ut
212 1144 571 1205 occultando
612 1145 856 1205 facinori
896 1162 1015 1203 nox
1052 1144 1444 1205 adhiberetur.
1507 1147 1650 1205 satis
1689 1145 1942 1204 constitit
1976 1145 2118 1203 exti-

112 1233 259 1294 tisse
290 1228 685 1307 proditorem,
718 1239 777 1289 et
804 1228 1182 1306 Agrippinam
1216 1227 1434 1289 auditis
1451 1229 1638 1288 insid‘'
1597 1246 1699 1306 ιιι,
1749 1245 1822 1289 an
1851 1227 2122 1289 crederet

114 1314 480 1391 ambiguam,
524 1313 845 1391 gestamine
881 1311 1065 1372 sellae
1105 1300 1321 1373 Baulo's
1362 1322 1718 1391 pervectam.
1791 1312 1872 1372 ibi
1900 1310 2118 1373 blandi-

111 1407 370 1458 mentum
414 1396 742 1457 sublevavit
779 1404 1016 1455 metum:
1050 1398 1292 1457 comiter
1323 1405 1576 1476 excepta
1604 1414 1898 1476 superque
1929 1398 2118 1495 ipsum
2139 1413 2194 1453 ιε

114 1483 431 1543 collocata.
488 1482 600 1541 iam
634 1479 895 1561 pluribus
923 1480 1304 1558 sermonibus,
1333 1481 1506 1541 medo
1540 1482 1926 1542 familiaritate
1955 1482 2116 1540 iuve—
2211 1546 2218 1555 ,

111 1566 214 1627 nili
244 1566 410 1625 Nero
437 1574 495 1625 et
524 1583 723 1624 rursus
752 1564 1057 1643 adductus,
1091 1565 1254 1644 quasi
1293 1568 1446 1625 seria
1489 1567 1889 1640 consociaret,
1930 1573 2116 1625 tracto

110 1651 169 1711 in
206 1651 449 1727 longum
498 1650 797 1727 convictu,
841 1651 1215 1728 prosequitur
1257 1650 1593 1728 abeuntem,
1641 1652 1818 1712 artius
1847 1608 2034 1711 deuiis
2059 1660 2120 1711 et

112 1735 347 1814 pectori
391 1734 667 1811 haerens,
723 1695 847 1810 sih
890 1733 1181 1814 explenda
1223 1735 1616 1812 simulatione,
1678 1753 1784 1795 seu
1822 1736 2119 1814 periturae

110 1820 314 1880 matris
356 1815 661 1898 supremus
706 1827 979 1898 aspectus
1017 1820 1278 1897 quamvis
1319 1820 1506 1878 ferum
1546 1819 1787 1879 animum
1813 1819 2114 1880 retinebat.
2136 1832 2193 1873 20

236 1905 299 1965 5.
348 1902 597 1963 Noctem
642 1902 931 1963 sideribus
970 1902 1271 1963 inlustrem
1314 1911 1372 1961 et
1412 1901 1643 1980 placido
1685 1903 1829 1961 mari
1871 1906 2120 1980 quietam

43 2027 54 2036 -
112 1987 281 2066 quasi
312 1987 767 2048 convincendum
799 1987 871 2048 ad
902 1986 1099 2046 scelus
1126 1986 1181 2046 di
1204 1984 1550 2064 praebuere.
1605 2004 1716 2045 nec
1737 1985 1969 2045 multum
1995 1994 2120 2046 erat

111 2061 684 2230 {afflatam
708 2072 851 2235 ,¹33
853 2069 1884 2234 ¹2:225.?;3¹5¹3.152¹5¹}:2521‘“;.2351¹
1889 2087 2122 2231 2¹:132?

110 2236 340 2298 naculis
386 2237 679 2315 adstabat,
724 2238 1047 2298 Acerronia
1092 2255 1271 2316 super
1315 2236 1502 2316 pedes
1543 2238 1847 2299 cubitantis
1877 2238 2116 2299 reclinis
2139 2257 2165 2297 5

112 2320 527 2402 paenitentiam
567 2284 679 2382 fllii’
705 2331 763 2382 et
802 2323 1191 2400 reciperatam
1218 2324 1418 2382 matris
1447 2324 1688 2400 gratiam
1713 2340 1820 2401 per
1847 2322 2118 2400 gaudium

108 2405 494 2480 memorabat,
526 2423 654 2464 cum
684 2405 817 2466 dato
846 2407 1018 2483 signo
1048 2423 1221 2465 ruere
1251 2415 1464 2466 tectum
1493 2406 1612 2468 loci
1659 2406 1838 2466 multo
1883 2406 2116 2485 plumbo

110 2507 331 2569 graye;
393 2507 749 2569 pressusque
803 2488 1155 2567 Crepereius
1216 2499 1280 2550 et
1343 2493 1530 2550 statim
1587 2492 1944 2550 exanimatus
2005 2499 2116 2549 est.

112 2574 444 2653 Agrippina
478 2583 537 2634 et
564 2574 887 2635 Acerronia
916 2574 1298 2635 eminentibus
1326 2574 1468 2634 lecti
1498 2573 1818 2654 parietibus
1859 2592 1930 2635 ac
1961 2574 2116 2634 forte

112 2656 510 2735 validioribus,
544 2674 716 2760 quam
736 2667 799 2718 ut
823 2660 987 2718 oneri
1010 2658 1304 2736 cederent,
1335 2667 1638 2738 protectae
1659 2666 1808 2718 sunt.
1867 2675 1979 2718 nec
2001 2657 2114 2718 dis·
2119 2676 2186 2716 ιο

116 2743 332 2804 solutio
361 2745 577 2820 navigii
612 2742 995 2820 sequebatur,
1035 2742 1278 2804 turbatis
1307 2742 1570 2802 omnibus
1593 2751 1654 2802 et
1676 2741 1830 2821 quod
1851 2742 2117 2822 plerIque

116 2828 306 2902 ignari
350 2829 522 2888 etiam
553 2829 826 2888 conscios
861 2826 1272 2905 impediebant.
1337 2828 1521 2888 visum
1551 2825 1760 2887 debinc
1798 2825 2117 2904 rem-igibus

117 2927 287 2971 unum
314 2913 371 2971 in
402 2912 551 2974 latus
584 2903 863 2972 inclinare
892 2919 1067 2990 atque
1094 2912 1173 2972 ita
1200 2929 1406 2972 navem
1435 2911 1848 2988 submergere.
1879 2909 1984 2970 sed
2013 2927 2114 2970 ne·

122 3010 231 3072 que
262 2997 410 3075 ipsis
449 3005 751 3075 promptus
787 2998 845 3056 in
884 3013 1009 3056 rem
1038 2996 1280 3056 subitam
1309 3013 1658 3073 consensus,
1701 3004 1762 3056 et
1787 2991 1885 3056 alii
1915 3003 2118 3054 contra

33 3109 39 3116 ·
120 3079 363 3141 nitentes
380 3080 597 3148 dedere
620 3080 953 3141 facultatem
974 3080 1253 3140 lenioris
1233 3099 1292 3139 ιιι
1315 3098 1474 3142 mare
1493 3083 1695 3142 iactus.
1718 3077 2186 3139 verumAcer-15

124 3165 303 3241 ronia,
326 3165 691 3245 inprudentia
712 3164 843 3224 dum
865 3183 933 3224 se
954 3164 1335 3243 Agrippinam
1360 3157 1494 3224 esse
1513 3173 1692 3242 utque
1715 3161 2116 3230 subveniretur

122 3249 285 3307 matri
311 3249 593 3328 principis
618 3248 889 3325 clamitat,
916 3249 1105 3308 contis
1128 3257 1187 3308 et
1209 3249 1386 3308 remis
1417 3257 1476 3308 et
1499 3263 1650 3326 qnae
1671 3248 1800 3308 fors
1825 3246 2116 3308 obtulerat

126 3332 417 3393 navalibus
464 3334 599 3394 telis
631 3335 961 3394 coniicitur:
1000 3332 1328 3412 Agrippina
1358 3333 1540 3394 silens
1581 3349 1772 3414 eoque
1797 3332 1984 3392 minus
2015 3329 2111 3390 ad-

125 3415 279 3488 gnita
294 3420 491 3497 (unum
515 3427 701 3478 tamen
720 3417 926 3478 vulnus
944 3434 1141 3478 umero
1160 3419 1426 3496 excepit)
1443 3416 1652 3493 nando,
1673 3415 1883 3476 deinde
1906 3425 2108 3476 occur

126 3513 190 3554 su
220 3497 650 3563 lenunculorum
667 3493 1009 3562 Lucrinum
990 3518 1047 3561 ιιι
1075 3501 1260 3562 lacum
1285 3511 1456 3563 vecta
1479 3499 1654 3562 villae
1679 3518 1818 3563 suae
1847 3499 2110 3562 infertur.
2129 3514 2183 3557 ιο

470 3793 503 3826 Χ
