2475 4000
412 282 539 346 300
716 266 723 276 “
902 290 1233 341 commu
1269 290 1502 339 ucri-1
1541 290 1728 337 snm
1736 287 1912 339 mun

410 446 665 508 Sextiles
695 446 1035 527 principium
1084 444 1334 511 incendii
1375 445 1542 526 buius
1585 453 1798 520 ortum,
1859 462 1986 523 qno
2024 455 2108 505 et
2155 447 2406 511 Senones
2472 450 2475 515 ἲ

408 538 635 610 captam
666 528 866 591 urbem
894 530 1379 591 inflammaverint.
1429 528 1536 589 alii
1577 546 1652 589 eo
1683 546 1867 606 nsque
1915 547 2070 590 eura
2111 536 2409 611 progressi

408 624 566 690 sunt,
605 623 667 674 ut
708 612 941 674 totidem
986 630 1167 691 annos
1204 628 1554 689 mensesque
1593 621 1653 671 et
1691 611 1818 671 dies
1845 614 2006 673 inter
2039 624 2310 696 utraque
2345 622 2409 677 in-

406 698 613 759 cendia
644 705 961 757 numerent.

531 782 632 842 42.
686 780 957 841 Ceteram
994 778 1153 839 Nero
1194 798 1330 839 usus
1371 787 1462 839 est
1512 780 1730 858 patriae
1772 778 1958 839 ruinis
2003 786 2412 863 exstruxitque

408 864 669 941 domum,
706 866 761 923 in
792 882 903 942 qua
932 862 1081 924 baud
1114 862 1352 941 perinde
1381 880 1644 940 gemmae
1675 871 1734 921 et
1762 866 1968 923 aurum
2001 866 2310 929 miraculo
2339 887 2412 927 es·

408 959 566 1025 sent,
594 949 761 1008 solita
791 947 1011 1026 pridem
1040 955 1101 1006 et
1126 946 1262 1007 luxn
1295 947 1563 1023 volgata,
1609 964 1776 1025 quam
1817 964 1962 1007 arva
2019 958 2090 1009 et
2125 960 2338 1029 stagna
2363 962 2412 1011 et

406 1034 465 1093 in
506 1032 733 1093 modum
770 1028 1135 1091 'solitudinum
1162 1028 1296 1089 binc
1333 1030 1516 1089 silvae
1555 1030 1686 1090 inde
1715 1038 1920 1109 aperta
1955 1035 2176 1110 spatia
2211 1046 2271 1095 et
2299 1054 2410 1115 pro-

358 1139 383 1179 s
408 1124 679 1197 spectus,
720 1116 1011 1191 magistris
1040 1123 1097 1173 et
1126 1113 1609 1175 machinatoribus
1637 1113 1862 1173 Severo
1899 1124 1963 1179 et
1997 1114 2276 1197 Celere,
2311 1119 2410 1197 qui·

405 1199 515 1260 bus
544 1200 835 1276 ingenium
862 1207 923 1259 et
954 1196 1192 1259 audacia
1220 1206 1376 1274 erat,
1423 1198 1596 1281 etiam
1627 1214 1772 1275 quae
1811 1194 2029 1259 natura
2061 1200 2410 1281 denegavis-

406 1293 531 1359 set,
576 1302 685 1363 per
722 1292 901 1344 artem
932 1290 1216 1360 temptare
1252 1290 1312 1341 et
1338 1280 1558 1341 viribus
1587 1282 1864 1360 principis
1893 1282 2219 1351 inludere.
2279 1305 2410 1347 nam-

406 1386 523 1445 que
563 1366 637 1428 ab
682 1367 812 1427 lacu
846 1366 1083 1425 Averno
1116 1364 1498 1441 navigabilem
1534 1364 1750 1425 fossam
1777 1383 1968 1443 usque
2015 1368 2100 1435 ad
2151 1373 2306 1431 ostia
2333 1371 2410 1430 'ri-

406 1450 605 1509 berina
628 1449 1016 1529 depressuros
1038 1448 1442 1528 promiserant,
1477 1447 1759 1525 squalenti
1789 1448 1968 1509 litore
1995 1462 2106 1511 aut
2133 1472 2254 1532 per
2271 1472 2408 1514 mon-

338 1554 388 1597 ιο
404 1542 497 1593 tes
524 1533 825 1593 adversos.
898 1550 1086 1609 neque
1122 1532 1274 1594 enim
1301 1532 1454 1591 aliud
1484 1530 1728 1591 umidum
1757 1534 2084 1609 gignendis
2125 1540 2303 1616 aquis
2329 1556 2406 1597 oc-
2474 1576 2475 1581 κ

409 1618 587 1677 currit
614 1615 1145 1694 qnam‘l’omptinae
1176 1616 1454 1694 paludes:
1499 1624 1695 1675 cetera
1734 1616 1984 1695 abrupta
2031 1630 2146 1680 ant
2183 1623 2406 1695 arentia,

392 1707 479 1760 'ac
504 1701 555 1759 si
582 1700 875 1779 perrumpi
902 1707 1177 1778 possent,
1202 1700 1614 1771 ,intolerandas
1647 1698 1814 1759 labo‘r
1845 1718 1962 1759 nec
1997 1706 2160 1763 satis
2193 1723 2404 1765 causac.

406 1783 569 1845 Nero
598 1792 820 1859 tamen,
856 1792 917 1842 ut
948 1791 1072 1843 erat
1096 1782 1514 1843 incredibilium
1543 1786 1795 1861 cupitor,
1835 1784 2122 1846 effodere
2163 1791 2404 1868 proxima

406 1867 645 1927 Averno
674 1868 809 1945 iuga
840 1868 1069 1927 conisus
1101 1876 1212 1943 est,
1245 1876 1596 1945 manentque¹
1621 1868 1868 1944 vestigia
1896 1869 2120 1929 inritae
2161 1875 2314 1952 spei.

530 1953 633 2020 43.
675 1948 945 2013 Ceterum
972 1950 1130 2012 urbis
1160 1969 1310 2030 quae
1350 1950 1538 2011 domui
1569 1961 1920 2030 supererant
1959 1970 2128 2032 non,
2187 1966 2252 2017 ut
2290 1963 2404 2036 post

410 2037 631 2098 Gallica
671 2036 969 2112 incendia,
1014 2034 1167 2095 nulla
1208 2036 1573 2096 distinctione
1613 2053 1748 2095 nec·
1772 2037 1990 2113 passim
2027 2050 2278 2116 erecta,
2317 2038 2400 2098 sed

408 2121 679 2181 dimensis
718 2120 976 2180 vicorum
1022 2117 1318 2179 ordinibus
1359 2128 1420 2178 et
1459 2118 1589 2179 latis
1617 2121 1838 2181 viarum
1867 2123 2080 2198 spatiis
2135 2123 2398 2198 cohibita-

410 2221 523 2282 que
556 2202 1274 2266 aedificiorum-altitudine
1299 2220 1372 2263 ae
1403 2203 1708 2280 patefactis
1737 2205 1888 2262 areis
1909 2203 2266 2286 additisque
2290 2225 2397 2286 por-

361 2304 387 2343 s
412 2286 619 2346 ticibus
666 2303 815 2364 quae
860 2286 1107 2347 frontem
1154 2286 1464 2346 insularum
1516 2296 1913 2365 protegerent.
1991 2307 2104 2348 eas
2155 2293 2397 2370 porticus

406 2368 567 2429 Nero
612 2387 715 2431 sua
756 2371 1001 2448 pecnnia
1046 2379 1465 2430 exstructurum
1505 2380 1898 2449 purgatasque
1941 2389 2126 2435 areas
2171 2375 2396 2436 dominis

404 2453 736 2514 traditurum
779 2452 1071 2533 pollicitus
1108 2462 1217 2513 est.
1281 2453 1497 2514 addidit
1540 2456 1791 2532 praemia
1833 2472 1941 2533 pro
1979 2458 2282 2537 cuiusque
2321 2475 2396 2517 or-

407 2537 539 2598 dine
571 2547 631 2598 et
660 2539 745 2597 rei
777 2537 1075 2598 familiaris
1102 2538 1322 2615 copiis,
1368 2537 1662 2616 linivitque
1690 2547 1918 2617 tempus
1945 2539 2107 2600 intra
2141 2542 2304 2619 qnod
2329 2540 2396 2599 ei-

406 2622 579 2682 fectis
624 2620 885 2682 domibus
932 2629 1027 2682 aut
1068 2621 1270 2680 insulis
1323 2622 1738 2700 apiscerentur.
1807 2621 2006 2682 ruderi
2053 2624 2396 2704 accipiendo

339 2721 389 2762 ιο
409 2705 708 2766 Ostienses
738 2703 978 2782 paludes
1009 2702 1358 2781 destinabat,
1399 2706 1594 2782 ntique
1625 2703 1830 2782 naves,
1873 2723 2026 2783 quae
2057 2707 2398 2768 frumentum

409 2788 603 2852 Tiberi
632 2787 1153 2864 subvectavissent,
1180 2797 1420 2848 onustae
1446 2786 1654 2848 rudere
1679 2789 2083 2866 decurrerent,
2113 2792 2397 2852 aedificia·

408 2890 520 2951 que
543 2873 671 2950 ipsa
710 2880 867 2932 certa
898 2873 985 2932 sui
1014 2882 1179 2949 parte
1209 2872 1335 2932 sine
1364 2871 1626 2932 trabibus
1655 2890 1814 2933 saxo‘
1833 2870 2058 2933 Gabino
2089 2874 2400 2936 Albanove

408 2956 823 3030 solidarentur,
877 2956 1033 3034 quod
1058 2957 1109 3014 is
1144 2956 1294 3034 lapis
1329 2955 1556 3033 ignibus
1587 2958 1898 3036 impervius
1931 2965 2060 3026 est;
2111 2959 2240 3020 iam
2268 2976 2400 3038 aqua

406 3042 759 3120 privatorum
802 3040 1034 3100 licentia
1074 3042 1396 3118 intercepta
1435 3056 1552 3118 quo
1587 3040 1810 3116 largior
1837 3049 1896 3100 et
1943 3039 2228 3119 pluribus
2271 3043 2398 3103 locis

342 3141 389 3182 ¹⁵
406 3123 2395 3289 snnatanti„aare:affixisses
2469 3211 2471 3254 s

407 3291 513 3352 sed
552 3293 804 3370 propriis
844 3309 1109 3369 quaeque
1148 3291 1322 3350 muris
1367 3289 1734 3351 ambirentur.
1801 3309 1872 3352 ea
1907 3309 1984 3351 ex
2023 3294 2288 3354 utilitate
2321 3311 2394 3352 ac-

408 3384 580 3452 cepta
607 3372 877 3436 decorem
907 3391 1141 3453 quoque
1175 3391 1364 3434 novae
1391 3373 1517 3434 urbi
1562 3375 1825 3436 attulere.
1882 3384 2050 3436 erant
2085 3386 2288 3440 tamen
2319 3376 2395 3455 qui
2470 3395 2471 3458 3

210 3456 259 3542 'J
298 3485 330 3500 κ
410 3455 735 3531 crederent,
758 3466 1017 3521 veterem
1040 3456 1197 3516 illam
1219 3457 1458 3517 formam
1475 3457 1795 3520 salubritati
1817 3461 2002 3536 magis
2029 3461 2392 3532 conduxisse,
2470 3481 2471 3510 1

335 3557 391 3598 ω
410 3537 675 3611 qnoniam
704 3541 1003 3612 angustiae
1030 3540 1292 3598 itinerum
1323 3548 1382 3600 et
1423 3540 1661 3602 altitudo
1691 3550 1976 3606 tectorum
2009 3561 2132 3607 non
2167 3542 2395 3624 perinde
2469 3539 2471 3588 ἰ

2467 3867 2470 3876 ι
