2475 4000
424 214 634 265 menn
657 215 751 264 v1.
785 216 934 265 oar.
962 217 1174 272 5—-10
1203 203 1300 289 (V,
1330 218 1601 288 lo-V1,
1630 205 1717 291 4).
1946 209 2063 296 155

81 371 434 446 dicebantur,
483 371 544 431 in
586 370 819 448 efligies
859 387 1094 450 quoque
1129 391 1200 432 ac
1239 373 1571 432 memoriam
1610 375 1766 451 eius,
1812 382 1871 434 et
1908 373 2064 436 bona

81 458 262 516 Seiani
292 455 482 515 ablata
511 456 740 514 aerario
771 464 830 513 ut
870 457 927 514 in
975 457 1175 516 fiscum
1217 465 1605 533 cogerentur,
1648 467 1932 536 tamquam
1970 477 2062 520 re·

79 542 266 602 ferret.
347 540 656 618 Scipiones
691 538 840 598 haec
885 548 946 598 et
975 540 1152 600 Silani
1203 549 1273 599 et·
1299 538 1495 602 Cassii,
1524 540 1711 601 isdem
1746 543 1929 603 ferme
1968 552 2063 604 aut
2084 577 2110 615 5

81 624 296 704 paulum
359 624 646 682 inmutatis
697 621 926 699 verbis,
987 623 1431 684 adseveratione
1488 625 1665 685 multa
1724 625 2061 703 censebant,

83 726 197 767 cum
217 717 460 787 repente
484 707 784 784 Togonius
804 706 1024 783 Gallus,
1059 707 1188 767 dum
1211 707 1638 784 ignobilitatem
1662 726 1822 768 suam
1840 711 2063 786 magnis

77 791 386 852 nominibus
440 791 674 866 inserit,
717 807 826 868 per
851 789 1227 852 deridiculum
1267 791 1507 851 auditur.
1578 810 1709 852 nam
1744 793 2065 872 principem
2103 803 2111 813 ·

81 876 266 936 orabat
299 875 565 952 deligere
595 881 923 950 senatores,
957 893 1032 934 ex
1063 875 1191 954 quis
1219 875 1423 953 viginti
1456 884 1617 936 sorte
1644 875 1797 934 ducti
1825 885 1885 936 et
1906 874 2064 934 ferro

79 961 340 1036 accincti,
375 959 646 1037 quotiens
679 960 891 1020 curiam
932 959 1162 1036 inisset,
1211 959 1451 1020 salutem
1492 959 2061 1021 eius-defenderent.
2087 991 2135 1033 ω

81 1043 392 1104 crediderat
417 1043 676 1101 nimirum
707 1042 989 1121 epistulae
1021 1042 1281 1103 subsidio
1310 1043 1419 1104 sibi
1448 1044 1691 1104 alterum
1716 1061 1809 1103 ‚ex
1858 1061 2062 1103 consu·

77 1127 210 1187 libus
239 1128 572 1207 poscentiS,
612 1134 673 1184 ut
715 1135 870 1186 tutus
895 1144 928 1186 a
961 1125 1206 1206 Capreis
1246 1126 1445 1187 urbem
1490 1136 1739 1206 peteret.
1797 1126 2066 1186 Tiberius

47 1221 268 1289 ·tamen,
301 1209 548 1276 ludibria
577 1210 748 1270 seriis
776 1212 1132 1288 permiscere
1161 1210 1403 1287 solitus,
1444 1212 1565 1287 egit
1591 1213 1775 1288 gratis
1810 1211 2064 1272 benevo-

77 1295 270 1356 lentiae
293 1303 554 1374 patrum:
589 1293 694 1354 sed
718 1310 867 1371 quos
891 1294 1076 1354 omitti
1098 1309 1297 1373 posse,
1329 1311 1479 1372 quos
1502 1293 1728 1372 deligi?
1742 1312 2065 1373 semperne

73 1381 297 1440 eosdem
329 1397 407 1439 an
443 1377 682 1438 subinde
713 1375 900 1437 alios?
943 1387 1002 1437 et
1043 1377 1359 1438 honoribus
1404 1379 1741 1456 perfunctos
1786 1397 1859 1438 an
1906 1380 2133 1464 inve-15

73 1480 183 1540 nes,
213 1466 476 1563 privatos
506 1480 577 1522 an
606 1479 639 1520 e
669 1459 1136 1538 magistratibus?
1177 1479 1347 1539 quam
1386 1461 1597 1522 deinde
1640 1464 1901 1542 speciem
1930 1462 2063 1522 fore

73 1548 400 1608 sumentium
425 1547 486 1606 in
513 1545 706 1606 limine
749 1546 946 1606 curiae
985 1544 1257 1622 gladios?
1301 1563 1490 1624 neque
1534 1547 1644 1606 sibi
1684 1549 1859 1608 vitam
1899 1549 2062 1623 tanti,

73 1632 116 1689 si
133 1633 308 1692 armis
341 1629 595 1708 tegenda
624 1629 802 1704 foret.
865 1629 1013 1690 haee
1043 1630 1326 1690 adversus
1354 1630 1679 1708 Togonium
1716 1629 1917 1696 verbis
1944 1649 2061 1692 mo·
2107 1628 2112 1632 ’
2217 1646 2229 1664 ·

71 1713 286 1792 dex-ans,
316 1732 510 1792 neque
540 1713 686 1774 ultra
717 1713 1090 1774 abolitionem
1117 1715 1441 1775 sententiae
1472 1714 1741 1776 suadere.

187 1801 246 1861 9.
286 1799 367 1858 At
417 1797 634 1858 lunium
673 1797 1026 1874 Gallionem,
1085 1800 1182 1876 qui
1237 1808 1546 1858 censuerat
1595 1806 1657 1857 ut
1713 1798 2061 1877 praetoriani
2098 1812 2132 1868 ³

69 1884 206 1956 actis
249 1882 551 1962 stipendiis
589 1884 678 1964 ius
721 1883 1122 1961 apiscerentur
1163 1882 1220 1941 in
1262 1882 1721 1960 quattuordecim
1764 1881 2061 1942 ordinibus

68 1950 320 2043 sedendi,
353 1966 640 2029 violenter
667 1967 988 2047 increpuit,
1020 1965 1180 2027 velut
1213 1981 1409 2026 coram
1453 1966 1753 2042 rogitans,
1802 1964 1937 2043 quid
1980 1963 2064 2023 illi

71 2070 188 2111 cum
213 2050 508 2126 militibus,
539 2068 690 2129 quos
717 2062 906 2129 neque
943 2051 1096 2110 dicta
1125 2048 1550 2129 [imperatoris]
1579 2064 1777 2147 neque
1808 2048 2064 2125 praemia

65 2136 167 2194 nisi
211 2134 286 2195 ab
327 2136 676 2220 imperatore
717 2136 991 2213 accipere
1041 2150 1146 2213 par
1187 2142 1369 2193 esset.
1441 2133 1779 2212 repperisse
1824 2146 2065 2211 prorsus
2090 2160 2115 2200 ⁵

63 2217 218 2297 quod
261 2216 427 2277 divus
467 2209 766 2295 Augustus
805 2235 923 2279 non
965 2217 1313 2297 providerit:
1358 2230 1432 2277 an
1474 2219 1667 2297 potius
1718 2214 2063 2277 discordiam
2158 2261 2163 2269 .

68 2312 118 2361 et
147 2300 490 2360 seditionem
519 2319 552 2361 a
581 2301 832 2361 satellite
865 2301 1058 2363 Seiani
1091 2301 1443 2380 quaesitam,
1492 2318 1605 2381 qua
1632 2302 1809 2362 rudes
1838 2302 2061 2361 animos

67 2386 292 2447 nomine
324 2383 562 2445 honoris
591 2384 664 2445 ad
706 2385 1184 2465 corrumpendum
1225 2385 1461 2448 militiae
1500 2404 1721 2449 morem
1765 2383 2060 2464 propelle-

67 2468 194 2554 ret?
239 2468 356 2529 hoc
396 2470 640 2549 pretium
682 2468 867 2531 Gallio
907 2469 1212 2533 meditatae
1256 2469 1598 2531 adulationis
1654 2469 1817 2545 tulit,
1872 2470 2063 2528 statim

73 2555 240 2631 curia,
269 2552 480 2613 deinde
507 2552 674 2616 Italia
705 2563 978 2623 exactus;
1015 2563 1078 2615 et
1103 2557 1236 2634 quia
1284 2555 1653 2617 incusabatur
1693 2552 1871 2613 facile
1914 2552 2131 2622 tole-10

69 2646 288 2698 ratur-us
323 2637 554 2700 exilium
583 2636 810 2699 delecta
841 2637 1074 2716 Lesbo,
1105 2640 1291 2702 insula
1325 2638 1504 2701 nobili
1550 2648 1609 2699 et
1652 2653 1929 2713 amoena,
1971 2654 2061 2696 re-

71 2720 301 2784 trahitur
337 2723 394 2781 in
435 2721 635 2781 urbem
679 2723 1114 2801 custoditurque
1155 2722 1419 2786 domibus
1463 2724 1914 2799 magistratuum.
1988 2720 2062 2779 is·

71 2802 190 2865 dem
217 2806 402 2867 literis
447 2804 665 2867 Caesar
693 2806 949 2869 Sextium
989 2806 1375 2869 Paconianum
1416 2808 1770 2887 praetorium
1817 2804 2065 2883 perculit

73 2904 269 2965 magno
301 2899 524 2969 patrum
551 2890 786 2969 gaudio,
821 2889 1125 2970 audacem,
1154 2891 1507 2969 maleficum,
1551 2891 1797 2951 omnium
1833 2896 2061 2949 secreta

74 2974 356 3035 rimantem
387 2973 788 3053 delectumque
817 2974 890 3035 ab
925 2974 1138 3037 Seiano
1169 2978 1331 3035 cuius
1374 2994 1489 3056 ope
1528 2974 1699 3036 dolus
1730 2974 1873 3061 Gaio
1918 2970 2131 3041 Cae-15

73 3058 178 3115 sari
205 3068 524 3137 pararetur.
595 3058 748 3137 quod
791 3067 1096 3137 postquam
1139 3058 1521 3137 patefactum,
1570 3046 1895 3138 prorupere
1926 3074 2062 3116 con·
2158 3096 2167 3101 -

75 3150 233 3224 cepta
263 3141 486 3221 pridem
517 3142 678 3220 odia,
715 3152 774 3203 et
804 3160 1078 3203 summum
1117 3142 1463 3223 supplicium
1506 3140 1965 3217 decernebatur,
2006 3139 2065 3199 ni

75 3216 365 3296 professus
395 3226 664 3287 indicium
690 3228 866 3289 foret.

190 3310 285 3371 10.
319 3310 396 3370 Ut
417 3328 562 3369 vero
583 3310 860 3371 Latinium
881 3310 1205 3373 Latiarem
1188 3328 1491 3388 ingressus
1516 3318 1626 3385 est,
1658 3318 1965 3370 accusator
1993 3326 2061 3377 ac
2096 3311 2132 3368 4

73 3405 197 3451 reus
235 3394 392 3453 iuxta
430 3394 598 3455 invisi
641 3397 1032 3473 gratissimum
1071 3394 1469 3474 spectaculum
1517 3392 1896 3472 praebebant.
1957 3391 2063 3453 La

73 3471 252 3554 tiaris,
285 3486 346 3537 ut
373 3478 600 3554 rettuli,
635 3481 982 3559 praecipuus
1015 3480 1152 3541 olim
1185 3476 1673 3541 circumveniendi
1702 3476 1836 3539 Titii
1864 3476 2063 3539 Sabini
