2475 4000
357 199 482 263 268
891 211 1221 258 commu
1263 211 1500 259 nen-1
1544 206 1909 257 ANNALmu

358 369 476 438 tuit.
551 382 739 443 neque
780 361 923 425 fletu'
968 374 1027 426 et
1062 364 1330 426 lacrimis*
1351 365 1620 425 auxilium
1674 367 1796 424 eius
1839 365 2126 434 orantium
2183 357 2371 426 flexus

364 459 453 510 est
493 441 633 527 quin'
674 449 837 508 daret
878 450 1260 528 profectionis
1302 450 1525 526 signum
1569 458 1628 510 et
1667 451 2007 510 comitantes
2035 451 2098 508 in
2146 460 2372 527 partem

362 535 603 611 agminis
636 535 966 611 acciperet:
1010 537 1057 593 si
1088 552 1235 612 quos
1279 533 1512 597 inbellis
1546 552 1723 593 sexus
1752 543 1849 594 aut
1876 534 2033 594 fessa
2073 543 2249 594 aetas
2281 533 2371 597 vel

290 635 338 675 ιο
360 615 478 678 1ὸοί
527 616 773 676 dulcedo
802 620 1138 693 attinuerat,
1180 618 1253 678 ab
1286 617 1452 678 hoste
1485 621 1756 698 oppressi
1797 628 1945 679 sunt.
2010 618 2229 678 eadem
2259 619 2370 677 cla-

358 702 463 762 des
493 702 803 780 municipio
833 702 1167 762 Verulamio
1198 698 1336 780 fuit,
1387 704 1537 781 quia¹
1561 702 1788 763 barbari
1833 703 2058 763 omissis
2108 702 2373 763 castellis

359 785 780 866 praesidiisque
811 785 1160 863 militar-ium,
1204 786 1359 865 quod
1389 781 2035 866 uberrimum'spolianti
2069 781 2369 847 et'dei'en·
2444 787 2445 860 ζ

358 869 625 931 dentibus
654 871 919 946 intutum,
965 871 1101 930 laeti
1152 871 1372 950 praeda
1411 881 1470 931 et
1511 870 1772 932 laborum
1815 889 2032 948 segnes
2066 871 2365 951 petebant.
2444 883 2445 900 ²

357 955 429 1016 ad
473 954 838 1033 septuaginta
872 954 1027 1015 milia
1076 957 1283 1014 civium
1328 964 1385 1015 et
1422 958 1715 1018 sociorum
1755 958 1824 1016 iis
1856 975 2006 1034 quae
2040 955 2364 1015 memoravi

288 1040 509 1100 1slocis
552 1037 839 1098 cecidisse
884 1041 1155 1100 constitit.
1224 1058 1415 1118 neque
1461 1042 1610 1099 enim
1645 1058 1859 1121 capere
1900 1048 1996 1100 aut
2028 1039 2370 1100 venundare

284 1121 303 1129 ’
359 1122 585 1184 aliudve
620 1122 773 1200 quod
816 1121 957 1185 belli
996 1126 1439 1202 commercium,
1482 1125 1587 1184 sed
1627 1125 1842 1185 caedes
1888 1124 2153 1203 patibula
2201 1126 2367 1200 ignes

358 1225 600 1283 cruces,
645 1216 928 1285 tamquam
966 1207 1246 1268 reddituri
1291 1209 1636 1289 supplicium
1679 1228 1749 1270 ac
1791 1217 2112 1288 praerepta
2141 1208 2367 1267 interim

356 1292 575 1351 ultione
594 1335 612 1367 ,
643 1290 1009 1352 festinabant.

484 1376 588 1434 34.
634 1372 753 1433 Iam
798 1376 1075 1437 Suetonio
1124 1387 1324 1455 quarta
1369 1377 1606 1438 decuma
1654 1377 1812 1454 legio
1870 1395 1994 1436 cum
2039 1375 2364 1436 vexillariis

292 1494 299 1506 ι
358 1459 761 1516 vicensimariis
806 1468 865 1517 et
915 1478 948 1518 e
1000 1463 1278 1538 proximis
1331 1461 1670 1536 auxiliareS,
1721 1461 1925 1521 decem
1968 1462 2163 1531 ferme
2215 1458 2366 1518 milia

360 1549 715 1600 armatorum.
752 1551 945 1617 erant,
1006 1561 1133 1602 cum
1182 1545 1446 1607 omittere
1497 1545 1919 1604 cunctationem
1968 1553 2028 1604 et
2078 1542 2362 1621 cong-redi

358 1625 485 1683 acie
531 1631 714 1700 parat.
775 1622 1095 1702 deligitque
1139 1626 1331 1686 locum
1373 1630 1509 1688 artis
1536 1627 1801 1688 faucibus
1846 1637 1905 1688 et
1945 1646 1977 1688 a
2011 1638 2190 1705 tergo
2223 1627 2362 1686 silva

310 1725 336 1764 5
362 1707 645 1782 clausum,
690 1708 830 1765 satis
876 1711 1113 1784 cognito
1162 1710 1301 1771 nihil
1345 1711 1590 1772 hostium
1629 1714 1738 1772 nisi
1777 1713 1834 1771 in
1878 1712 2071 1772 fronte
2105 1721 2168 1771 et
2201 1728 2362 1790 aper-

357 1801 470 1850 tam
502 1790 792 1868 planitiem
823 1809 955 1851 esse
976 1836 993 1867 ,
1038 1795 1163 1852 sine
1191 1802 1352 1868 metu,
1375 1796 1723 1856 insidiarum.
1800 1799 1973 1875 igitur
2003 1796 2362 1873 legionarius

358 1875 635 1952 frequens
669 1873 997 1951 ordinibus,
1036 1877 1187 1959 levis
1222 1880 1436 1938 circum
1468 1891 1782 1958 armatura,
1831 1879 2220 1957 conglobatus
2256 1894 2360 1958 pro

359 1957 631 2019 cornibus
678 1977 858 2039 eques
903 1960 1132 2022 adstitit.
1217 1971 1274 2023 at
1306 1962 1706 2026 Britannorum
1749 1967 1955 2045 copiae
1998 1967 2220 2044 passim
2262 1979 2360 2042 per
2446 2011 2447 2051 ἦ

361 2053 630 2104 catervas
678 2053 736 2103 et
768 2052 982 2105 turmas
1016 2047 1411 2125 exsultabant,
1460 2057 1666 2128 quanta
1707 2067 1822 2109 non
1855 2050 1997 2109 alias
2039 2043 2359 2121 multitudo,
2446 2060 2447 2121 j

287 2144 339 2184 10
360 2136 419 2187 et
444 2129 632 2187 animo
662 2127 809 2187 adeo
844 2130 1062 2207 feroci,
1094 2139 1154 2190 ut
1184 2134 1464 2210 coniuges
1495 2150 1728 2211 quoque
1755 2141 1939 2193 testes
1966 2135 2251 2194 victoriae
2275 2150 2356 2189 se·
2446 2126 2447 2145 ¹

220 2211 227 2219 “
336 2228 485 2270 =cum
517 2209 811 2270 traherent
838 2212 1225 2293 plaustrisque
1255 2218 1631 2297 inponerent,
1663 2234 1809 2296 quae
1841 2235 2018 2297 super
2047 2226 2356 2276 extremum
2446 2256 2447 2259 ,

358 2291 626 2353 ambitum
660 2297 849 2372 campi
882 2308 1217 2375 posuerant.
1397 2314 1402 2319 ·
2446 2296 2447 2299 ¹

485 2377 585 2438 35.
630 2375 921 2439 Boudicca
969 2400 1139 2441 curru
1182 2384 1332 2443 filias
1372 2402 1514 2464 prae
1557 2402 1626 2444 se
1663 2385 1917 2463 vehens,
1971 2394 2034 2445 ut
2078 2400 2352 2463 quamque
2445 2396 2447 2399 ⁴

290 2464 301 2487 “
354 2462 645 2522 nationem
688 2473 1057 2542 accesserat,
1130 2468 1361 2527 solitum
1415 2468 1643 2547 quidem
1690 2469 1974 2529 Britannis
2025 2469 2354 2529 feminarum

356 2544 527 2605 ductu
570 2544 794 2606 bellare
836 2548 1186 2628 testabatur,
1245 2551 1348 2611 sed
1393 2562 1529 2611 tunc
1569 2572 1684 2613 non
1729 2559 1789 2613 ut
1835 2554 2007 2613 tantis
2049 2551 2353 2613 maioribus

358 2638 540 2688 ortam
587 2648 828 2707 regnum
872 2641 931 2691 et
962 2650 1141 2712 opes,
1190 2654 1390 2694 verum
1437 2646 1497 2696 ut
1527 2655 1694 2698 unam
1734 2656 1767 2697 e
1813 2638 1993 2715 vulgo
2037 2638 2354 2697 libertatem

309 2730 334 2771 s
360 2714 658 2789 amissam,
717 2715 1046 2777 confectum
1089 2718 1433 2778 verberibus
1469 2738 1718 2801 corpuS,
1766 2729 2181 2782 contrectatam
2219 2720 2352 2779 lilia·

354 2814 477 2854 rum
513 2797 840 2875 pudicitiam
871 2800 1094 2861 ulcisci.
1158 2819 1233 2862 eo
1272 2814 1586 2887 provectas
1614 2807 2006 2867 Romanorum
2038 2797 2351 2884 cupidines,

354 2886 415 2937 ut
442 2896 559 2942 non
590 2899 874 2961 corpora,
919 2903 995 2945 ne
1023 2895 1318 2946 senectam
1368 2889 1596 2967 quidem
1631 2898 1726 2949 aut
1757 2891 2144 2967 virginitatem
2174 2885 2350 2967 inpol-

353 2962 530 3024 lutam
558 2966 903 3046 relinquant.
960 2969 1169 3029 adesse
1214 2980 1406 3031 tamen
1443 2973 1590 3033 deos
1631 2975 1816 3034 iustae
1845 2974 2167 3035 viudictae:
2208 2971 2350 3031 ceei-

354 3045 512 3108 disse
554 3048 848 3126 legionem
889 3068 1037 3129 quae
1076 3054 1362 3133 proelium
1406 3074 1540 3118 ausa
1587 3060 1690 3127 sit;
1745 3066 1977 3118 eeteros
2016 3060 2224 3118 castris
2261 3072 2366 3130 oc-⁶

284 3131 560 3199 1o,cultari
603 3141 697 3192 aut
732 3134 931 3210 fugam
989 3137 1462 3217 circumspicere.
1503 3144 1506 3149 '
1555 3160 1629 3201 ne
1681 3144 1982 3221 strepitum
2027 3141 2255 3221 quidem
2297 3144 2350 3195 et

356 3214 667 3275 clamorem
708 3224 795 3277 tot
838 3218 1082 3297 milium,
1128 3224 1338 3282 nedum
1377 3226 1624 3303 impetus
1672 3234 1730 3285 et
1769 3244 1969 3286 manus
2005 3226 2346 3305 perlaturos.

354 3297 404 3357 si
437 3300 641 3377 copias
670 3311 1033 3379 armatorum,
1066 3306 1115 3363 si
1147 3324 1356 3367 causas
1385 3308 1525 3369 belli
1555 3328 1755 3370 secum
1784 3310 2204 3389 expenderent,
2235 3308 2346 3365 vin·

356 3382 595 3479 cendum
624 3382 882 3483 illa-acie
910 3386 1009 3445 vel
1053 3389 1372 3452 cadendum
1403 3410 1555 3452 esse.
1637 3394 1696 3453 id
1727 3394 1949 3454 mulieri
1981 3394 2346 3455 destinatum:

350 3475 616 3525 viverent
645 3484 754 3525 vm
791 3480 849 3530 et
877 3472 1183 3531 servirent.
