2475 4000
191 233 204 244 ’
307 241 581 290 xxxvm
882 211 1425 287 commanus
1464 236 1800 286 clu‘rrcus‘.

479 393 589 468 13,
632 405 669 457 4·
696 391 1026 455 accenderet
1071 395 1082 470 Ι
1133 406 1165 457 5
1209 414 1381 468 seque
1416 397 1665 452 Senecae
1696 397 1770 452 L.-
1811 413 1983 468 seque
2026 412 2171 452 nece
2230 390 2245 477 Ι
2302 406 2367 458 12

311 479 697 554 intempestate
734 475 744 558 Ι
783 489 849 542 16
886 488 1116 538 caveret
1143 481 1196 536 Β
1234 477 1245 557 Ι
1285 486 1347 540 17
1382 481 1625 536 atrocius

321 606 329 614 .
483 564 594 637 14,
639 573 673 626 3
701 568 962 622 arbitrum
995 567 1104 632 aL,
1137 573 1195 620 at
1225 584 1273 622 v.
1300 564 1443 621 Hist.
1478 570 1545 633 4,
1580 569 1647 636 2]
1686 557 1695 640 Ι
1734 569 1765 622 6
1795 579 1863 618 ne
1899 579 2059 642 corr.⁴
2080 581 2163 621 ex
2196 585 2318 639 que
2352 562 2361 644 Ι
2452 601 2454 606 -

263 669 271 678 “
307 657 344 710 8
373 657 561 706 rueret
607 642 616 728 Ι
666 659 728 710 11
763 651 1020 722 adoptius
1065 645 1078 720 Ι
1138 655 1202 708 12
1229 649 1475 704 abnuere
1508 647 1667 718 sequi
1714 640 1729 725 Ι
1781 655 1847 706 15
1874 649 2003 706 inde
2032 639 2259 708 debilis
2290 652 2365 706 L.-

309 734 570 792 indebilis
603 731 763 808 (inde
798 735 928 790 vilis
959 729 1066 806 al.)
1105 733 1114 804 Ι
1154 739 1221 794 16
1251 748 1442 788 rursus
1475 737 1698 786 auctore
1724 727 1981 788 Brotieio
2009 735 2363 800 inclusivum,
2454 773 2456 810 ³

310 816 464 891 quod
475 813 743 889 ylossema
771 817 904 872 addi
922 833 1164 888 pronum
1185 815 1327 888 fuit,
1356 824 1648 895 postquam
1668 815 1797 871 inde
1828 817 1930 871 levi
1955 815 2385 890 depravatabne,

313 901 388 960 ἐκ
419 901 708 958 verborum
738 908 995 956 contextu
1023 901 1261 956 evanuit.
1301 891 1312 977 Ι
1340 904 1415 958 ’17
1451 893 1856 971 expostulantis
2456 837 2459 990 Ι

483 984 594 1057 15,
644 991 678 1045 3
716 985 830 1040 levi
873 985 1093 1056 quidem
1131 985 1206 1040 F.-
1252 989 1313 1038 ut
1354 983 1571 1054 quidam
1622 981 1629 1054 Ι
1684 993 1715 1042 5
1761 984 2039 1054 equalium
2074 985 2275 1044 ludica
2310 981 2381 1052 fi..

312 1087 541 1142 regnum
580 1063 588 1146 Ι
627 1075 696 1127 24
723 1069 1056 1139 securitate,
1089 1083 1190 1124 em.
1211 1067 1301 1124 Pu
1338 1060 1349 1146 Ι
1386 1071 1456 1126 26
1486 1069 1814 1138 urgerentur

486 1150 598 1224 16,
642 1160 678 1212 4
721 1153 878 1208 cibus
909 1157 1184 1226 potusque
1226 1151 1348 1206 eius
1390 1151 1638 1206 delectus
1681 1167 1751 1206 ex
1782 1151 2019 1207 ministri
2051 1161 2226 1226 gustu
2260 1173 2361 1211 ex-

313 1239 670 1312 plorabatur,
699 1251 798 1291 em.
835 1235 1139 1300 Danesiu85
1182 1237 1339 1292 cibus
1370 1251 1425 1308 p.
1465 1251 1515 1288 e.
1554 1234 1757 1290 delecti
1789 1251 1861 1290 ex
1886 1236 2157 1292 ministris
2191 1247 2361 1310 gustu

198 1327 206 1340 '
316 1322 708 1394 explorabatur
736 1319 1010 1391 Kiesslinq
1066 1313 1078 1397 Ι
1137 1329 1168 1380 5
1200 1319 1512 1388 omitteret,
1562 1333 1661 1373 em.
1690 1317 1746 1372 B
1804 1311 1813 1396 Ι
1872 1325 1905 1379 9
1950 1320 2187 1392 spiritus
2236 1325 2359 1378 eius

197 1457 204 1465 ,
317 1423 434 1478 rap.
487 1399 499 1481 Ι
551 1411 617 1463 13
646 1404 912 1476 primum,
947 1403 1129 1460 em.„A
1157 1405 1275 1459 coll.
1324 1407 1386 1473 1,
1434 1406 1474 1457 4
1518 1394 1529 1478 Ι
1580 1408 1647 1462 14
1677 1403 1972 1475 agrippina
2022 1397 2033 1482 Ι
2089 1411 2159 1464 16
2191 1413 2359 1478 atque

317 1490 444 1544 add.
475 1489 540 1554 F,
580 1489 690 1542 nisi
701 1490 889 1558 potius
921 1503 1081 1558 quam
1111 1486 1396 1554 intercidit,
1426 1491 1487 1540 ut
1509 1485 1745 1542 malebat
1770 1485 1885 1542 Ouo
1909 1488 1985 1541 ad
2004 1489 2151 1543 Ann.
2183 1499 2237 1559 1,
2268 1498 2355 1552 1&

318 1591 384 1630 ac
411 1567 544 1645 (om.
570 1565 883 1644 Octaviam)
907 1572 1152 1642 ‘Brotierg
1181 1579 1240 1626 ut
1262 1573 1385 1625 ilem
1416 1571 1580 1626 voluit
1601 1569 1865 1625 Peter-sen
1887 1571 1966 1641 11,
1998 1589 2049 1644 p.
2079 1578 2144 1637 4;
2178 1575 2356 1632 fuisse

321 1654 665 1733 [Octaviam,
693 1651 1132 1732 sororemBritJ
1167 1654 1483 1710 constiterit
1511 1654 1571 1708 N

489 1737 588 1808 17,
633 1744 668 1796 4
707 1739 967 1810 protendi
1007 1739 1016 1811 Ι
1054 1747 1086 1799 5
1117 1745 1297 1796 tamen
1324 1737 1389 1792 H
1394 1761 1409 1792 .-
1440 1736 1611 1794 etiam
1649 1733 1660 1816 Ι
1694 1744 1731 1816 ’6
1762 1740 2093 1796 extimentes
2127 1759 2233 1811 pr.
2266 1761 2352 1812 m.,

319 1824 639 1881 estimantes
665 1837 849 1893 corr„
881 1825 1262 1881 existimantes
1292 1824 1364 1877 al.
1406 1821 1415 1895 Ι
1452 1827 1484 1882 7
1520 1823 1742 1878 illusum
1772 1839 1937 1894 esse,
1966 1837 2065 1878 em.
2097 1825 2185 1888 E;
2228 1827 2355 1882 illu-

270 1945 289 1959 .
319 1909 463 1965 sisse
493 1907 548 1990 Β
586 1899 598 1986 Ι
638 1915 704 1966 10
741 1908 1014 1964 sororium
1047 1909 1134 1964 Bz
1172 1902 1179 1985 Ι
1219 1914 1287 1968 13
1318 1907 1392 1964 ita
1425 1903 1565 1986 Hm.-
1606 1907 1663 1962 id
1704 1925 1733 1962 a
1772 1903 1835 1981 (a
1873 1923 1997 1980 sup.
2029 1905 2190 1984 lin.):
2232 1912 2293 1966 id
2329 1929 2356 1967 a

319 1993 421 2069 del.
454 1993 563 2063 alii,
592 1991 691 2048 alii
715 2008 745 2049 a
767 1993 939 2049 solum
961 1994 1329 2079 reliquerant,⁶
1349 1987 1533 2064 possis
1560 1993 1720 2046 etiam
1749 1990 1991 2048 scribere
2022 1993 2097 2050 ita
2122 1996 2357 2053 a.maio-

319 2078 471 2134 ribus
491 2074 863 2151 (quamquam
893 2094 924 2133 a
955 2078 1146 2133 abesse
1165 2072 1408 2153 potest),
1449 2082 1510 2131 ut
1540 2082 1621 2131 est
1661 2083 1728 2147 3,
1772 2083 1840 2139 69
1871 2078 1955 2140 sic
1986 2094 2016 2135 a
2048 2080 2355 2135 maioribus

316 2162 622 2217 institutum
651 2167 748 2215 etc.
791 2156 799 2233 Ι
840 2170 904 2221 15
937 2162 1363 2217 ceterum‘exibi

317 2247 326 2253 “
489 2238 600 2313 18,
639 2250 675 2302 4
701 2246 919 2301 scelere
969 2240 978 2321 Ι
1029 2252 1063 2305 8
1093 2247 1382 2317 corripere
1411 2242 1458 2297 12
1496 2236 1506 2319 Ι
1560 2249 1623 2301 12
1656 2244 2010 2317 imperatoris
2044 2245 2213 2317 olim,
2247 2254 2358 2302 tum

319 2332 378 2383 ut
411 2317 568 2383 matri
598 2328 672 2383 L.-
707 2328 1058 2401 imperatoris
1093 2330 1346 2399 solitum,
1378 2333 1439 2382 ut
1468 2326 1627 2384 matri
1667 2321 1678 2407 Ι
1730 2336 1795 2389 13
1825 2344 2001 2403 nuper
2032 2331 2270 2387 eundem
2308 2333 2359 2387 in

319 2411 654 2469 Boetticher:
699 2428 866 2487 super
911 2415 1141 2470 eundem
1181 2407 1196 2488 Ι
1233 2419 1297 2471 14
1329 2410 1584 2482 digredi,
1629 2427 1730 2469 em.
1758 2413 1815 2468 E
1845 2411 1855 2490 Ι
1896 2419 1963 2473 16
1998 2430 2146 2485 quae,
2186 2432 2357 2487 proa-

318 2497 446 2552 viae
473 2494 747 2553 Antoniae
781 2497 840 2552 N

491 2577 601 2649 19,
645 2586 680 2638 2
713 2581 877 2648 nixae
909 2580 986 2636 L.-
1031 2580 1159 2636 nixa
1199 2577 1208 2651 Ι
1246 2586 1281 2637 4
1310 2579 1575 2635 incertum
1604 2582 1708 2648 al„
1749 2599 1803 2637 v.
1834 2590 1932 2652 11,
1964 2589 1997 2643 9
2034 2575 2043 2661 Ι
2093 2582 2253 2639 Iunia
2284 2584 2359 2639 L.-
2466 2580 2468 2639 ἓ

319 2664 454 2721 iulia
491 2658 500 2741 Ι
540 2672 604 2723 11
636 2681 736 2737 spe
765 2664 996 2720 ultionis
1025 2662 1099 2718 L.-
1135 2663 1537 2735 speculationis
1574 2657 1586 2742 Ι
1636 2672 1702 2726 12
1731 2666 1998 2721 Titurium
2025 2668 2152 2722 mal.
2192 2668 2271 2736 L,
2304 2675 2363 2723 ut

317 2763 513 2804 nomen
539 2751 806 2819 scriptum
835 2754 915 2802 est
951 2749 1010 2802 in
1040 2745 1188 2801 Med.
1225 2752 1319 2817 14,
1364 2753 1429 2806 12
1445 2789 1460 2818 ,
1500 2749 1601 2804 sed
1618 2750 1984 2821 praecedente
2006 2750 2225 2823 syllaba
2255 2758 2315 2806 at
2348 2745 2355 2827 Ι

309 2832 668 2893 ·13differens
707 2828 717 2909 Ι
756 2840 822 2891 15
848 2830 1123 2886 Neronem
1145 2829 1211 2885 Η
1239 2823 1249 2909 Ι
1289 2838 1356 2891 16
1378 2833 1543 2889 etiam
1565 2834 1758 2906 perio,
1791 2822 1937 2889 unde
1958 2834 2019 2890 Ν
2036 2842 2092 2891 et
2116 2835 2359 2906 imperio
2420 2830 2428 2837 ”

488 2912 568 2973 20
588 2957 604 2986 ,
648 2922 681 2973 2
709 2917 864 2971 lusus
896 2913 949 2968 Β
989 2917 996 2975 Ι
1037 2920 1102 2972 12
1127 2916 1309 2970 secuti
1343 2918 1416 2971 al.
1456 2910 1467 2993 Ι
1507 2924 1573 2977 18
1601 2924 1885 2990 reputaret
1908 2917 1987 2973 L.-
2020 2920 2273 2975 refutare

487 2996 558 3056 21
584 3041 600 3068 ,
645 3005 679 3057 2
710 3014 944 3069 poenam
974 2996 1117 3054 Hm.-
1149 3016 1290 3071 pena
1312 3017 1408 3071 pr.
1440 3018 1543 3069 m.,
1575 3018 1747 3073 penas
1780 3018 1959 3069 corr„
2004 3003 2081 3075 cf.
2114 3009 2213 3073 14,
2249 3012 2319 3062 10
2348 2998 2359 3081 Ι

319 3087 360 3143 4’
392 3084 629 3157 proinde
680 3084 728 3137 A
782 3073 793 3159 Ι
852 3090 884 3139 5
926 3086 982 3135 et
1015 3082 1122 3138 del.
1171 3082 1259 3145 Β,·
1312 3085 1446 3156 fort.
1490 3092 1669 3142 actum
1714 3092 1815 3142 est.
1896 3087 2212 3160 Agrippina
2264 3081 2271 3163 Ι
2328 3094 2357 3148 7

319 3168 556 3243 proinde
605 3160 614 3243 Ι
663 3173 731 3226 10
765 3164 1120 3238 suscipienda
1172 3160 1181 3242 Ι
1232 3174 1301 3227 13
1336 3186 1479 3225 nunc
1510 3212 1523 3224 .
1561 3210 1575 3223 .
1610 3171 1892 3242 componit
1930 3174 2271 3241 transposuit
2308 3172 2367 3227 Ν

309 3259 439 3323 post
463 3253 924 3323 praepararentur
951 3268 1003 3306 v.
1028 3255 1093 3320 17
1133 3246 1142 3325 Ι
1184 3255 1247 3310 17
1286 3260 1406 3307 aut:
1452 3260 1509 3310 at
1534 3253 1607 3308 al.
1648 3247 1658 3330 Ι
1696 3262 1765 3313 20
1793 3270 1888 3309 ac:
1923 3261 1979 3310 at
2006 3256 2051 3311 L
2086 3248 2097 3332 Ι
2135 3261 2198 3315 21
2234 3258 2361 3312 vin-

319 3334 600 3391 dicaturus
635 3332 720 3397 H,
760 3334 1052 3391 invasurus
1080 3336 1154 3391 al.
1194 3328 1204 3414 Ι
1254 3339 1325 3393 22
1352 3336 1673 3409 impotentia
1706 3341 1755 3394 A
1794 3336 1802 3409 Ι
1842 3344 2045 3398 2611οο
2077 3340 2147 3397 de
2181 3341 2361 3397 bene-

321 3418 464 3475 ficiis
502 3419 552 3473 Α
561 3440 581 3480 ‚·
625 3423 684 3473 al
723 3418 793 3475 de
831 3433 907 3475 ex
949 3435 1054 3491 pro
1093 3421 1151 3475 in
1187 3421 1374 3491 specie
1408 3421 1649 3493 quadam
1692 3425 1991 3494 zeuqmatis
2039 3427 2363 3496 coyicatione

319 3504 686 3574 repetendum.

2458 1951 2466 2039 -v—
2456 1756 2467 1886 ἐξ
2459 1487 2465 1730 ,ψ-
