2475 4000
403 257 525 322 294
886 259 1213 316 commmr
1244 265 1476 315 'mern
1508 244 1864 316 mmmm

270 411 279 421 ’
340 443 349 476 ;
375 441 381 448 ·
404 413 710 504 potestate,
740 441 905 500 quem
939 413 1187 500 populus
1212 418 1504 497 Romanus
1535 419 1638 481 Cn.
1669 419 1942 498 Pompeio
1968 417 2368 495 bellum'pira-

402 509 572 568 ticum
625 513 865 584 gesturo
906 505 1161 564 dederat.⁴
1224 521 1554 581 regressum
1595 504 1852 580 Paetum,
1895 521 2038 584 'cum
2098 503 2369 578 graviora

403 597 700 666 metueret,
727 589 950 668 facetiis
980 589 1250 648 insectari
1279 589 1416 647 satis
1441 587 1632 647 hahuit
1655 586 1890 663 Caesar,
1923 587 2012 646 his
2033 585 2228 644 ferme
2252 594 2368 642 'ver-

335 688 387 728 20
408 675 527 734 bis:
556 674 868 754 ignoscere
902 690 966 732 se
996 673 1213 748 statim,
1259 689 1332 730 ne
1372 680 1483 731 tam
1517 671 1814 750 promptus
1855 673 1911 730 in
1939 685 2228 748 pavorem
2255 666 2368 726 lon·

402 759 571 836 giore
598 753 982 815 sollicitudine
1013 761 1404 831 aegresceret.
2442 811 2443 824 ἶ

536 840 636 916 26.
683 839 760 898 At
795 837 1051 898 Corbulo
1091 847 1292 916 quarta
1329 846 1386 897 et
1426 829 1776 922 duodecuma
1816 833 2186 914 legi-onibus,
2233 849 2372 911 quae

403 923 717 990 fortissimo
758 939 985 1001 quoque
1028 920 1237 982 amisso
1270 931 1326 980 et
1365 923 1576 982 ceteris
1605 920 1892 981 exterritis
1924 938 2130 999 parum
2157 916 2370 977 habiles
2442 927 2443 970 ῖ

404 1006 641 1086 proelio,
661 1003 1028 1081 videbantur,
1076 1006 1133 1064 in
1164 1005 1384 1065 Suriam
1409 1004 1718 1080 translatis,
1751 1013 1968 1068 sextam
1997 1003 2138 1062 inde
2169 1019 2240 1060 ac
2265 1009 2368 1059 ter·
2442 1061 2443 1072 1

402 1091 538 1149 tiam
576 1088 871 1165 legiones,
916 1089 1198 1164 integrum
1236 1088 1468 1148 militem
1501 1097 1559 1146 et
1599 1087 1822 1146 crebris
1863 1105 1932 1146 ac
1963 1085 2274 1166 prosperis
2297 1082 2368 1140 la·
2442 1127 2443 1148 ἶ

354 1189 379 1228 5
406 1172 647 1234 boribus
675 1172 1014 1249 exercitum,
1060 1173 1115 1230 in
1143 1172 1466 1231 Armeniam
1501 1170 1672 1231 ducit.
1727 1169 2054 1248 addiditque
2088 1169 2370 1245 legionem
2442 1193 2443 1204 κ

406 1259 680 1334 quintam,
717 1272 993 1335 quae-per
1022 1255 1258 1315 Pontum
1285 1273 1466 1332 agens
1495 1271 1708 1332 expers
1725 1253 1920 1318 cladis,
1943 1255 2178 1326 fuerat,
2219 1247 2369 1311 simul
2442 1259 2443 1262 ’

407 1339 945 1418 quintadecumanos
986 1355 1196 1398 recens
1234 1334 1512 1398 adductos
1554 1338 1617 1396 et
1650 1338 1864 1397 vexilla
1905 1336 2263 1397 delectorum
2301 1347 2367 1389 ex
2442 1335 2443 1394 ἲ

404 1422 641 1496 Illyrico
657 1427 731 1481 ‘et
758 1422 1055 1500 Aegypto,
1088 1421 1356 1499 quodque
1387 1419 1601 1481 alarum
1629 1421 2101 1498 cohortiumque,
2137 1427 2198 1478 et
2225 1414 2364 1476 auxi·
2442 1421 2443 1432 ¹

407 1505 483 1564 lia
522 1521 723 1580 regum
760 1507 817 1562 in
856 1521 1023 1563 unum
1054 1503 1335 1564 conducta
1365 1503 1514 1583 apud
1546 1505 1882 1581 Melitenen,
1915 1521 2023 1582 qua
2059 1501 2364 1563 tramittere

340 1608 389 1647 10
406 1587 737 1664 Euphraten
776 1585 1029 1666 parabat.
1082 1596 1197 1646 tum
1237 1588 1532 1647 lustratum
1559 1590 1668 1646 rite
1709 1589 2023 1648 exercitum
2051 1587 2132 1647 ad
2161 1583 2364 1644 contio·
2442 1589 2443 1614 ἒ

407 1675 537 1729 nem
575 1678 747 1728 vocat
793 1668 1119 1747 orditurque
1159 1663 1459 1746 magnilica
1491 1669 1562 1730 de
1593 1673 1859 1750 auspiciis
1893 1670 2260 1768 imperatoris
2285 1681 2365 1722 re·
2442 1703 2443 1748 }

406 1753 627 1831 busque
672 1771 704 1812 a
752 1769 815 1812 se
857 1754 1078 1829 gestis,
1114 1753 1356 1813 adversa
1410 1756 1466 1812 in
1518 1757 1797 1814 inscitiam
1843 1754 2003 1814 Paeti
2055 1751 2362 1820 declinans,

406 1835 579 1895 multa
606 1837 965 1912 auctoritate,
996 1853 1140 1914 quae
1175 1835 1556 1898 viro'militari
1587 1856 1694 1917 pro
1723 1838 1986 1898 facundia
2014 1845 2163 1896 erat.
2442 1839 2443 1920 J

527 1915 628 1979 27.
676 1919 963 1980 Mox-iter
1003 1921 1065 1980 L.
1112 1920 1350 1981 Lucullo
1397 1919 1676 2000 quondam
1725 1929 2114 2001 penetratum,
2165 1914 2362 1995 apertis

401 2018 552 2083 'quae
580 2012 832 2064 vetustas
863 2004 1259 2083 obsaepserat,
1289 2008 1500 2083 pergit.
1560 2014 1618 2065 et
1645 2007 1942 2065 venientes
1966 2003 2236 2065 Tiridatis
2257 2000 2362 2059 Vo-
2442 2000 2443 2055 ζ

332 2116 349 2139 ·.
368 2132 373 2137 .
394 2081 737 2165 Ὶοςθείειφιε
768 2087 839 2146 de
866 2104 1013 2165 pace
1041 2088 1274 2165 legatos
1295 2088 1443 2148 haud
1465 2099 1824 2168 aspernatus,
1855 2088 2112 2163 adiungit
2145 2086 2214 2143 iis
2243 2098 2360 2141 cen·

404 2172 659 2229 turiones
703 2188 828 2228 cum
868 2170 1143 2230 mandatis
1187 2189 1304 2231 non
1357 2171 1670 2232 inmitibus:
1727 2189 1838 2230 nec
1885 2174 2032 2231 enim
2073 2168 2260 2229 adhuc
2297 2178 2360 2221 eo
2442 2176 2443 2231 ξ

356 2272 382 2311 5
405 2252 661 2327 ventum,
705 2248 772 2311 ut'
808 2252 1127 2313 certamine
1160 2263 1422 2315 extremo
1463 2274 1610 2335 opus
1649 2253 1834 2329 esset„
1886 2254 2056 2313 multa
2103 2246 2360 2313 Romanis
2442 2250 2443 2291 3

402 2334 675 2413 secunda,
710 2335 987 2413 quaedam
1022 2336 1245 2396 Parthis
1275 2340 1574 2414 evenisse,
1611 2340 1952 2399 documento
1968 2336 2254 2395 ‘adversus
2279 2347 2356 2387 su·

400 2414 677 2495 perbiam.
739 2419 978 2496 proinde
1018 2428 1075 2478 et
1114 2420 1346 2481 Tiridati
1379 2420 1706 2485 conducere
1743 2424 2008 2482 intactum
2045 2411 2357 2479 vastationi·

342 2556 349 2563 ,
403 2500 510 2559 bus
555 2518 793 2577 regnum
836 2501 987 2563 dono
1034 2500 1336 2582 accipere,
1380 2514 1439 2564 et
1480 2506 1818 2582 Vologesen
1857 2504 2056 2563 melius
2086 2500 2356 2562 societate

349 2608 358 2619 ·
402 2585 657 2644 Romana
701 2592 867 2662 quam
908 2586 1123 2647 damnis
1164 2584 1368 2647 mutuis
1407 2591 1565 2665 genti
1595 2588 1929 2649 Parthorum
1967 2585 2357 2647 consulturum·

337 2669 555 2727 inseite
592 2679 854 2747 quantum
876 2671 1023 2730 intus
1054 2668 1468 2731 discordiarum.
1493 2688 1774 2749 quamque
1795 2671 2092 2735 indomitas
2125 2677 2182 2728 et
2206 2678 2353 2744 prae·
2442 2716 2443 2733 1

399 2751 637 2811 feroces
679 2755 939 2813 nationes
979 2763 1241 2831 regeret:
1297 2762 1495 2815 contra
1519 2752 1522 2757 ’
1546 2756 1876 2832 imperatori
1927 2750 2030 2813 sub
2087 2754 2356 2811 immotam

394 2830 617 2921 ‚ubique
656 2847 858 2913 pacem
894 2846 951 2895 et
985 2837 1237 2896 unum-id
1267 2835 1480 2897 bellum
1508 2840 1662 2899 esse.
1717 2838 1881 2898 simul
1911 2836 2160 2897 consilio
2187 2842 2354 2891 terro·
2442 2902 2443 2911 ἵ

368 2933 525 2977 ·rem
556 2918 815 2993 adicere,
854 2928 912 2977 et
940 2922 1286 2995 megistanas
1317 2920 1654 2999 Armenios,
1687 2922 1782 3000 qui
1811 2922 1978 3002 primi
2013 2937 2047 2979 a
2073 2917 2238 2977 nobis
2267 2910 2352 2971 de·
2442 2954 2443 2959 η

325 3004 366 3040 a*
402 3001 681 3085 fec-erant,
714 3002 879 3079 pellit
905 3001 1173 3077 sedibuS‚·
1194 3004 1436 3083 castella
1462 3006 1659 3063 eorum
1689 3005 1964 3082 excindit,
2001 3001 2172 3082 plana
2197 2996 2352 3065 edita,
2442 3056 2443 3067 ,

335 3085 623 3145 15validos
654 3084 1047 3163 invalidosque
1079 3084 1202 3162 pari
1234 3096 1386 3145 metu
1421 3088 1689 3165 complet.
1786 3086 1796 3095 ‘
2296 3076 2302 3085 ’

520 3154 619 3227 28.
660 3167 791 3227 Non
822 3168 1101 3227 infensum
1116 3186 1243 3227 =nec
1265 3186 1387 3228 cum
1411 3169 1604 3229 hostili
1628 3170 1762 3231 odio
1789 3168 2136 3229 Corbulonis
2161 3174 2352 3224 nomen

390 3254 571 3311 etiam
600 3240 859 3314 barbaris
886 3248 1233 3329 habebatur,
1267 3270 1456 3331 eoque
1489 3253 1785 3313 consilium
1815 3254 1937 3312 eius
1973 3252 2144 3311 lidum
2170 3238 2348 3307 crede·

390 3334 554 3395 ³bant.
618 3351 763 3412 ergo
806 3335 1141 3411 Vologeses
1182 3353 1371 3413 neque
1411 3344 1578 3396 atrox
1618 3338 1674 3395 in
1709 3351 2009 3409 summam,
2057 3343 2114 3394 et
2141 3328 2349 3410 quibus·

214 3402 219 3420 ¹
396 3416 529 3475 ‘dam
550 3418 931 3494 praefecturis
952 3417 1193 3477 indutias
1222 3422 1395 3496 petit:
1427 3420 1708 3479 Tiridates
1723 3420 1922 3510 locum
1946 3420 2208 3495 diemque
2231 3424 2348 3470 con·

320 3533 326 3538 -
356 3497 603 3575 eloquio
636 3500 845 3575 poscit.
892 3508 1115 3577 tempus
1144 3502 1546 3607 propinquum,
1576 3502 1774 3580 locus,
1823 3505 1878 3562 in
1905 3520 2024 3582 quo
2051 3517 2231 3580 nuper
2261 3489 2348 3551 ob·
