2475 4000
41 3260 66 3301 *ι

41 3395 66 3533 i

673 215 884 264 Lmen
925 217 1074 264 x111.
1121 218 1273 266 cu».
1318 217 1581 271 12-16.
2006 207 2124 270 231

147 372 350 452 piendo
385 374 564 452 patris
595 371 862 449 imperio,
898 371 1052 450 quod
1081 371 1288 432 insit-us
1325 379 1383 430 et
1414 372 1721 452 adoptivus
1751 390 1859 452 per
1898 371 2130 434 iuimias

143 459 333 519 matris
362 464 689 518 exerceret.
754 471 872 514 nou
895 455 1150 517 abnuere
1171 473 1239 516 se
1264 457 1401 533 quin
1425 464 1629 519 cuncta
1651 457 1901 518 infelicis
1926 456 2131 518 domus

141 541 283 602 mala
312 542 687 618 patefierent,
735 557 876 599 suae
921 541 978 598 iu
1022 539 1223 617 primis
1262 540 1531 618 nuptiae,
1566 557 1727 600 suum
1754 527 2129 602 veneficium:

141 624 195 683 id
227 625 411 687 solum
441 625 528 684 dis
561 632 619 682 et
648 621 759 682 sibi
789 623 1086 700 provisum
1113 621 1273 700 quod
1301 625 1529 684 viveret
1558 625 1879 703 privignus.
1924 624 2131 686 ituram

143 725 263 766 cum
290 707 397 768 illo
425 709 484 766 in
507 715 726 776 castren
759 705 1049 766 audiretur
1075 706 1212 766 bine
1233 705 1560 770 Germanici
1593 707 1731 786 iilia,
1765 707 1903 768 inde
1923 707 2131 770 debilis
2149 733 2200 774 ιε
2240 767 2247 776 ,

143 789 384 865 [rursus]
420 789 636 845 Burrus
671 799 730 844 et
759 788 895 848 exul
927 789 1172 866 Seneca,
1202 800 1403 864 trunca
1447 791 1674 850 scilicet
1708 808 1881 850 manu
1908 799 1966 850 et
1995 809 2131 869 pro·

137 871 386 931 sessoria
416 870 614 946 lingua
638 873 876 944 generis
904 871 1131 930 humaui
1155 876 1421 947 regimen
1448 874 1910 952 expostulantes.
1970 874 2135 936 simul

139 953 452 1014 intendere.
474 968 706 1030 manus,
755 952 1042 1028 adgerere
1073 954 1323 1032 probra,
1375 965 1781 1018 consecratum
1816 955 2131 1036 Claudium,

137 1038 391 1098 infernos
421 1036 743 1096 Silanorum
771 1053 968 1096 manes
991 1038 1271 1099 invocare
1300 1047 1360 1098 et
1386 1048 1478 1100 tot
1502 1042 1674 1102 inrita
1702 1041 1987 1102 facinora.

253 1123 353 1183 15.
406 1118 692 1182 Turbatus
731 1119 820 1180 his
861 1120 1020 1180 Nero
1067 1130 1128 1182 et
1165 1124 1497 1200 propinquo
1541 1123 1669 1202 die,
1713 1129 1829 1202 quo
1876 1132 2135 1203 quartum

137 1205 433 1266 decumum
473 1205 680 1266 aetatis
720 1221 926 1264 annum
967 1205 1333 1265 Britannicus
1380 1206 1689 1286 explebat,
1732 1207 1999 1282 volutare
2040 1227 2133 1270 se-

138 1309 260 1358 cum
287 1288 460 1351 modo
490 1290 686 1348 matris
718 1288 1080 1365 violentiam,
1120 1289 1292 1350 modo
1322 1291 1507 1370 ipsius
1533 1290 1821 1368 indolem,
1861 1291 1981 1352 levi
2010 1293 2133 1371 qui-

137 1374 260 1434 dem
307 1375 713 1452 experimento
751 1390 936 1450 nuper
978 1373 1296 1451 cognitam,
1342 1391 1455 1453 quo
1498 1385 1687 1436 tamen
1728 1375 1991 1435 favorem
2016 1374 2135 1437 late

137 1459 538 1536 quaesivisset.
605 1456 770 1516 festis
803 1457 1048 1518 Saturno
1093 1455 1298 1517 diebus
1336 1459 1485 1519 inter
1524 1457 1636 1522 alia
1680 1459 2007 1538 aequalium
2048 1459 2132 1520 lu·
2158 1486 2182 1527 5

136 1542 288 1604 dicra
319 1559 564 1619 regnum
588 1540 720 1603 lusu
749 1541 1104 1602 sortientium
1135 1552 1415 1604 evenerat
1438 1561 1509 1606 ea
1532 1561 1665 1604 sors
1686 1543 1927 1604 Neroni.
1957 1543 2137 1620 igitur

135 1630 350 1688 ceteris
379 1627 610 1686 diversa
653 1642 764 1684 nec
805 1623 1080 1686 ruborem
1119 1626 1409 1688 adlatura:
1455 1626 1552 1688 uhi
1596 1627 1927 1688 Britannico
1967 1629 2136 1688 iussit

134 1719 480 1789 exsurgeret
525 1726 994 1789 progressusque
1037 1713 1096 1771 in
1140 1711 1386 1772 medium
1432 1721 1659 1773 cautum
1702 1712 1951 1790 aliquem
1993 1712 2132 1772 inci·

135 1805 324 1874 peret,
355 1795 590 1855 inrisum
621 1812 696 1857 ex
717 1811 790 1854 eo
821 1813 1066 1874 sperans
1097 1798 1263 1872 pueri
1294 1794 1528 1857 sobrios
1552 1813 1783 1874 quoque
1806 1796 2131 1873 convietus,

131 1880 338 1939 nedum
374 1878 721 1938 temulentos
748 1879 1219 1956 ignorantiS‚·ille
1252 1887 1587 1940 constanter
1617 1896 1863 1938 exorsus
1892 1888 1983 1939 est
2006 1898 2131 1940 car·
2152 1892 2201 1932 10

131 1981 292 2041 men,
347 1980 460 2043 quo
491 1963 783 2025 evolutum
821 1981 950 2023 eum
979 1962 1120 2025 sede
1156 1965 1344 2043 patria
1370 1961 1663 2041 rebusque
1693 1963 1925 2022 summis
1956 1964 2131 2039 signi·

131 2048 432 2109 ficabatur.
495 2046 648 2108 unde
677 2056 802 2107 orta
831 2048 1129 2109 miseratio
1153 2046 1533 2121 manifestior,
1566 2046 1700 2123 quia
1730 2045 2131 2105 dissimulatio-

127 2150 266 2191 nem
293 2148 414 2189 nox
445 2140 502 2189 et
531 2131 775 2191 lascivia
806 2140 1120 2191 exemerat.
1177 2130 1339 2191 Nero
1370 2129 1667 2190 intellecta
1700 2128 1913 2191 invidia
1940 2127 2133 2189 odium

127 2212 403 2281 intendit;
448 2214 946 2292 arguentibusque
973 2214 1339 2293 Agrippinae
1367 2214 1535 2275 minis
1551 2260 1568 2291 ,
1616 2215 1749 2293 quia
1775 2213 1997 2274 nullum-
2021 2213 2132 2273 cri·

128 2316 268 2358 men
295 2314 486 2373 neque
513 2296 716 2357 iubere
745 2297 982 2359 caedem
1013 2297 1207 2360 fratris
1237 2298 1429 2377 palam
1450 2298 1719 2375 audebat,
1757 2298 1989 2359 occulta
2010 2315 2131 2358 mov
2152 2310 2203 2350 15

129 2384 268 2443 litut
298 2382 606 2459 pararique
639 2399 922 2443 venenum
953 2382 1143 2462 iubet,
1183 2384 1445 2444 ministro
1469 2378 1739 2445 Pollione
1777 2382 1923 2443 Iulio
1966 2400 2132 2462 prae·

131 2467 322 2527 toriae
351 2464 612 2525 cohortis
640 2464 900 2543 tribuno,
934 2469 1094 2527 cuius
1125 2486 1263 2529 cura
1298 2465 1641 2529 attinebatur
1666 2466 1929 2527 damnata
1956 2483 2131 2525 vene·

131 2552 248 2612 ficii
282 2551 514 2619 nomine
541 2548 792 2613 Locusta
819 2550 994 2613 multa
1027 2550 1317 2613 scelerum
1344 2552 1515 2613 fama.
1578 2569 1709 2611 nam
1746 2555 1809 2608 ut
1837 2551 2133 2627 proximus

133 2637 382 2733 quisque
411 2633 742 2695 Britannico
771 2652 962 2713 neque
984 2635 1073 2697 fas
1095 2655 1285 2716 neque
1310 2636 1481 2697 fidem
1485 2636 1673 2734 ‘pensi
1695 2632 1959 2709 haberet,
1996 2632 2134 2691 olim

134 2720 432 2799 provisum
469 2726 612 2780 erat.
662 2721 904 2796 primum
947 2737 1228 2782 venenum
1272 2720 1345 2782 ab
1388 2721 1532 2799 ipsis
1584 2715 1994 2779 educatoribus
2034 2733 2131 2776 ac·
2149 2726 2201 2766 2⁰

134 2805 326 2882 cepit,
383 2804 740 2881 tramisitque
787 2803 1054 2865 exsoluta
1097 2805 1232 2866 alvo
1280 2822 1483 2884 parum
1509 2802 1787 2878 validum,
1840 2801 1969 2859 sive
1992 2808 2133 2861 tem·

135 2895 531 2966 pei-amentum
574 2887 760 2949 iuerat
793 2906 868 2947 ue
906 2888 1094 2949 statim
1123 2891 1399 2949 saeviret.
1450 2886 1555 2948 sed
1581 2886 1742 2946 Nero
1774 2885 1917 2945 lenti
1946 2883 2133 2944 scele-

133 2975 213 3033 ris
236 2972 526 3050 inpatiens
569 2972 815 3031 minitari
856 2970 1119 3046 tribuno,
1166 2972 1373 3033 iubere
1418 2971 1765 3050 supplicium
1806 2966 2134 3042 veneficae,

133 3056 312 3134 quod,
343 3054 474 3115 dum
499 3072 789 3118 rumorem
816 3055 1164 3133 respiciunt,
1193 3055 1325 3116 dum
1352 3064 1559 3135 parant
1587 3054 1995 3128 defensiones,
2044 3069 2134 3111 se·

137 3142 435 3201 cui-itatem
477 3148 855 3201 morarentur.
914 3139 1379 3217 promittentibus
1418 3139 1553 3199 dein
1596 3146 1713 3197 tam
1752 3136 2133 3215 praecipitem
2150 3144 2201 3185 ²⁵

134 3242 340 3283 necem
379 3242 564 3325 quam·
588 3226 638 3285 si
677 3224 838 3285 ferro
866 3233 1245 3301 urgueretur,
1294 3222 1619 3285 cubiculum
1662 3218 1935 3281 Caesaris
1976 3220 2134 3282 iuxta

136 3306 480 3387 decoquitur
508 3311 665 3371 virus
695 3308 944 3385 cognitis
974 3316 1144 3370 antea
1177 3308 1421 3369 venenis
1449 3304 1727 3385 rapidum.

265 3393 362 3454 16.
407 3392 537 3453 Mos
576 3391 896 3453 habebatur
926 3394 1251 3472 principum
1290 3391 1511 3453 liberos
1555 3407 1685 3450 cum
1728 3388 1947 3447 ceteris
1981 3386 2135 3447 idem

135 3477 342 3536 aetatis
391 3475 683 3539 nobilibus
737 3476 1012 3539 sedentes
1061 3478 1225 3543 vesci
1277 3478 1345 3536 in
1389 3483 1631 3555 aspectu
1676 3472 2135 3551 propinquorum
