2475 4000
406 199 488 260 50
888 185 1214 256 connnn'n
1259 205 1494 254 nom
1535 204 1913 254 Amumnu

494 362 627 422 .22.
658 360 921 421 Laudatis
965 377 1070 439 pro
1124 349 1394 420 contion'e
1442 360 1760 420 victoribus
1799 357 2021 418 Caesar
2067 358 2374 434 congeriem

358 459 377 496 ⁸
406 463 683 506 armorum
728 446 961 518 struxit,
1006 443 1260 522 superbo
1305 461 1430 502 cum
1468 441 1665 504 titulo:
1709 441 2027 502 debellatis
2071 442 2215 500 inter
2239 439 2369 502 Rhe·

404 547 534 589 num
562 527 868 606 Albimque
906 528 1231 587 nationibus
1261 527 1576 586 exercitum
1613 523 1833 586 Tiberii
1869 512 2143 586 Caesaris
2170 542 2236 583 ea
2271 541 2370 582 mo-

402 615 648 689 nimenta
685 611 853 672 Marti
891 620 949 670 et
974 609 1098 671 lovi
1130 620 1189 669 et
1214 611 1479 686 Augusto
1513 611 1866 670 sacravisse.
1940 608 2014 668 de
2045 626 2111 669 se
2138 607 2266 666 nihil
2291 607 2368 666 ad-

354 719 377 758 5
406 696 574 772 didit,
624 703 775 754 metu
827 693 1071 754 invidiae
1116 712 1186 754 an
1226 703 1384 753 ratus
1425 695 1840 754 conscientiam
1878 692 2022 752 facti
2063 693 2202 751 satis
2237 708 2368 750 esse.

298 823 313 844 ι
400 798 534 840 mox
571 777 783 838 bellum
826 779 881 836 in
916 776 1295 853 Angrivarios
1335 778 1605 837 Stertinio
1646 775 1906 853 mandat,
1949 776 2010 834 ni
2051 774 2368 835 deditionem

402 862 890 943 properavissent.
960 870 1129 938 atque
1173 859 1256 919 illi
1299 860 1596 938 supplices
1643 860 1782 920 nihil
1832 858 2143 926 abnuendo
2176 859 2368 916 veniam

403 948 646 1008 omnium
678 961 986 1022 accepere.
1010 983 1027 998 f

512 1031 625 1111 23.
670 1026 787 1087 Sed
834 1036 1051 1088 aestate
1100 1027 1209 1086 iam
1256 1026 1447 1088 adulta
1493 1027 1788 1102 legionum
1839 1027 1992 1086 aliae
2035 1027 2234 1086 itinere
2274 1031 2368 1082 ter·
2427 1065 2429 1070 -

358 1116 369 1128 ‘
400 1116 572 1176 restri
615 1113 672 1171 in
710 1110 1079 1172 hibernacula
1115 1111 1421 1179 remissae;
1469 1111 1666 1188 plures
1700 1110 1927 1171 Caes-ar
1969 1110 2144 1172 classi
2181 1107 2366 1186 inposi-

399 1208 489 1258 tas
532 1215 641 1276 per
670 1196 875 1256 flumen
904 1195 1175 1268 Amisiam
1201 1193 1436 1254 Oceano
1464 1195 1700 1254 invexit.
1769 1212 1844 1253 ac
1891 1195 2078 1273 primo
2111 1190 2368 1270 placidum

401 1298 619 1358 aequor
656 1279 815 1338 mille
855 1273 1079 1338 navium
1120 1280 1294 1338 remis
1337 1287 1602 1358 strepere
1645 1287 1740 1338 aut
1781 1278 1938 1338 velis
1979 1276 2210 1356 inpelli:
2253 1290 2366 1354 mox

354 1373 527 1429 satro
568 1361 796 1420 nubium
834 1363 1015 1438 globo
1044 1361 1227 1422 effusa
1256 1361 1511 1438 grando,
1553 1361 1720 1421 simul
1759 1363 1940 1422 variis
1980 1360 2222 1438 undique
2251 1372 2362 1434 pro-

401 1445 567 1506 cellis
598 1445 799 1504 incerti
828 1445 1031 1504 fluctus
1068 1454 1441 1524 prospectum
1468 1443 1720 1507 adimere
1738 1489 1756 1522 ,
1799 1447 2070 1522 regimen
2100 1440 2364 1520 inpedire;

398 1528 678 1605 milesque
720 1526 961 1605 pavidus
1002 1537 1061 1586 et
1101 1546 1332 1588 casuum
1372 1530 1544 1588 maris
1586 1531 1823 1607 ignarus
1866 1529 2002 1590 dum
2048 1525 2226 1587 turbat
2249 1540 2362 1582 nau·

397 1622 487 1673 tas
523 1612 621 1670 vel
658 1612 1057 1689 intempestive
1096 1613 1278 1686 iuvat,
1322 1613 1515 1672 officia
1557 1612 1920 1694 prudentium
1968 1606 2360 1686 corrumpebat·

400 1715 565 1756 omne
612 1693 819 1756 dehinc
862 1695 1081 1754 caelum
1126 1704 1185 1754 et
1236 1706 1393 1754 mare
1439 1713 1608 1756 omne
1655 1697 1712 1755 iu
1752 1707 2010 1756 austrum
2045 1694 2244 1767 cessit,
2283 1686 2361 1765 qui

334 1802 380 1841 ιο
397 1779 597 1838 umidis
637 1776 974 1839 Germaniae
1015 1779 1215 1854 terris,
1280 1779 1578 1858 profundis
1619 1779 1908 1856 amnibus,
1961 1781 2231 1839 immenso
2272 1789 2360 1848 pu-

396 1863 548 1922 bium
585 1870 771 1922 tractu
816 1861 1037 1922 validus
1076 1869 1133 1921 et
1174 1864 1371 1938 rigore
1413 1863 1585 1922 vicini
1635 1864 2052 1941 septentrionis
2106 1855 2360 1921 horridior

394 1948 583 2025 rapuit
624 1946 965 2025 disiecitque
1006 1943 1185 2008 nalves
1226 1946 1284 2006 in
1329 1955 1528 2025 aperta
1576 1945 1793 2009 Oceani
1836 1957 1934 2009 aut
1978 1944 2189 2007 insulas
2223 1938 2360 2001 saxis

380 2027 647 2109 'abrn'ptis
673 2029 773 2090 'vel
800 2049 907 2109 per
936 2031 1163 2092 occulta
1191 2030 1336 2094 vada
1365 2030 1624 2092 infestas.
1686 2030 1894 2109 quibus
1927 2031 2154 2111 paulum
2181 2040 2356 2100 aegre·

394 2133 506 2194 que
547 2116 766 2190 vitatis,
818 2124 1119 2193 postquam
1160 2114 1409 2175 mutabat
1453 2126 1646 2175 aestus
1678 2115 2006 2194 eodemque
2038 2130 2150 2192 quo
2181 2115 2356 2168 ventus

330 2218 378 2256 15
398 2196 650 2273 ferebat,
694 2214 807 2255 non
848 2197 1166 2259 adhaerere
1202 2199 1471 2274 ancoris,
1515 2217 1632 2259 non
1673 2198 1984 2259 exhaurire
2014 2190 2358 2272 inrumpentis

395 2280 571 2339 undas
604 2288 899 2358 poterant:
932 2284 1105 2359 equi,
1136 2285 1416 2358 iumenta,
1459 2285 1752 2359 sarcinae,
1783 2284 1956 2345 etiam
1985 2298 2138 2343 arma
2161 2273 2352 2355 praeci-

394 2364 672 2442 pitantur,
720 2381 835 2441 quo
867 2364 1196 2424 levarentur
1232 2366 1416 2443 alvei,
1447 2374 1742 2427 manantes
1771 2384 1879 2447 per
1907 2364 2091 2449 latera
2127 2372 2184 2421 et
2207 2359 2354 2419 fluctu

394 2456 834 2526 supcrurgente.

514 2528 615 2598 24.
663 2531 887 2605 Quanto
932 2529 1243 2591 violentior
1286 2540 1484 2591 cetero
1513 2534 1668 2593 ⁴mari
1701 2532 1971 2593 Oceanus
2015 2541 2072 2592 et
2099 2523 2352 2590 truculen-

394 2616 479 2674 tia-
510 2615 655 2674 caeli
698 2624 951 2693 praestat
994 2613 1322 2689 Germania,
1373 2623 1582 2681 tantum
1623 2616 1720 2677 illa
1779 2616 1978 2678 clades
2028 2615 2271 2674 novitate
2307 2610 2356 2661 et

344 2760 352 2780 ι
390 2698 773 2775 magnitudine
828 2701 1111 2774 excessit,
1180 2696 1488 2757 hostilibus
1567 2700 1782 2761 circum
1836 2699 2103 2761 litoribus
2153 2701 2240 2755 aut
2288 2690 2356 2746 ita

393 2791 555 2841 vasto
598 2790 656 2841 et
699 2782 1017 2859 profundo,
1079 2790 1140 2840 ut
1178 2780 1442 2842 credatur
1485 2786 1854 2845 novissimum
1909 2804 1982 2851 ac
2033 2784 2154 2843 sine
2205 2772 2355 2835 terris

349 2889 373 2927 5
394 2884 567 2925 mare.
622 2883 757 2944 pars
784 2868 1009 2925 navium
1037 2864 1274 2924 haustae
1307 2874 1462 2942 sunt,
1497 2867 1694 2945 plures
1724 2868 1872 2947 apud
1907 2867 2123 2927 insulas
2146 2857 2354 2933 longius

390 2951 527 3009 sitas
582 2951 837 3016 eiectae;
890 2948 1169 3027 milesque
1212 2948 1372 3009 nullo
1415 2950 1534 3010 illic
1575 2950 1860 3012 hominum
1905 2952 2059 3012 cultu
2098 2948 2242 3008 fame
2267 2936 2352 2999 ab·

333 3086 339 3106 ,
391 3041 675 3110 sumptus,
728 3033 837 3090 nisi
880 3050 1027 3110 quos
1068 3050 1318 3111 corpora
1361 3052 1637 3112 equorum
1680 3036 1886 3097 eodem
1917 3029 2064 3095 elisa
2091 3030 2352 3091 tolerave-

388 3125 532 3175 rant·
616 3115 739 3175 sola
781 3114 1100 3175 Germanici
1158 3119 1406 3177 triremis
1447 3116 1808 3179 Chaucorum
1864 3128 2076 3179 terram
2127 3106 2350 3187 adpulit;

391 3218 562 3277 quem
598 3216 705 3276 per
750 3216 949 3259 omnes
983 3200 1118 3261 illos
1150 3200 1276 3261 dics
1305 3210 1628 3278 noctesque
1659 3202 1811 3280 apud
1845 3200 2122 3280 scopulos
2150 3203 2206 3254 et
2232 3204 2352 3282 prq·

324 3297 371 3338 ιο
390 3284 651 3343 minentis
680 3299 845 3359 oras,
890 3302 1016 3343 cum
1048 3303 1113 3351 se
1143 3287 1280 3343 tanti
1311 3285 1468 3344 exitii
1501 3302 1658 3343 reum
1693 3286 2040 3360 clamitaret,
2083 3283 2178 3339 vix
2211 3271 2350 3335 cohl-

388 3364 565 3425 buere
606 3367 770 3426 amici
805 3385 915 3444 quo
945 3370 1127 3432 minus
1166 3368 1372 3427 eodem
1400 3368 1542 3426 mari
1574 3379 1902 3447 oppeteret.
1971 3365 2190 3429 tandem
2220 3354 2350 3417 rela-

332 3512 337 3515 .
362 3480 367 3485 ·
388 3447 559 3508 bente
586 3458 745 3509 aestu
770 3461 827 3511 et
846 3452 1197 3512 secundante
1226 3459 1401 3510 vento
1419 3450 1656 3511 claudae
1673 3470 1853 3513 naves
1867 3470 1998 3513 raro
2015 3446 2249 3521 remigio
2265 3442 2351 3496 aut
