2475 4000
654 236 663 243 .
705 194 916 241 1213ssss
936 188 1076 241 xiv.
1118 195 1268 242 on>-
1303 190 1542 249 23—2'9.
1713 174 1718 179 ’
1887 232 1898 238 -
1998 188 2122 251 265
2221 157 2232 161 ”
2267 256 2270 267 ,

92 348 231 409 sed
272 346 427 426 quod
474 348 568 407 diu
610 348 789 409 obses
836 350 986 429 apud
1014 349 1215 409 urbem
1246 348 1466 426 fuerat,
1511 364 1696 429 usque
1733 354 1805 413 ad
1844 354 2143 414 servilem'

92 434 457 513 patientiam
489 432 790 493 demissus.
862 450 974 492 nec
1017 450 1306 497 consensu
1337 442 1650 512 acceptus,
1699 435 1936 497 durante
1969 438 2121 516 apud
2177 468 2195 491 x

94 516 403 595 quosdam
447 516 651 593 favore
695 516 1124 584 Arsacidarumq
1196 526 1254 577 at
1299 518 1567 596 plerique
1615 520 1941 596 superbiam
1985 521 2119 583 Par·
2142 534 2192 575 ιο

95 602 349 663 thorum
396 602 595 677 perosi
642 601 911 661 datum‘a
940 602 1213 662 Romanis
1260 620 1463 679 regem
1493 601 1803 662 malebant.
1874 605 2121 666 additum

98 688 165 745 ei
207 684 561 762 praesidium
595 685 754 745 mille
790 686 1133 762 legionarii,
1166 694 1288 745 tres
1319 687 1611 746 sociorum
1643 686 1918 747 cohortes
1950 690 2120 750 duae·

100 786 234 848 que
266 770 518 845 equitum
560 770 721 847 alae,
755 772 821 829 et'
872 788 985 848 quo
1035 769 1262 829 facilius
1303 788 1512 829 novum
1561 788 1800 847 regnum
1843 782 2120 849 tueretur,

96 871 259 933 pars
294 851 637 931 Armeniae,
670 863 731 913 ut
765 854 969 932 cuique
1000 855 1231 915 finitima
1251 900 1268 930 ,
1306 853 1673 915 Pharasmani
1697 855 2123 934 'Polemonique

96 947 167 997 et
211 936 555 996 Aristobulo
600 946 771 1016 atque
815 938 1107 998 Antiocho
1147 956 1358 1016 parere
1401 940 1592 999 iussae
1636 948 1784 997 sunt.
1859 938 2114 1000 Corbulo
2141 952 2193 993 1⁵
2253 948 2258 958 “

94 1024 163 1081 in
223 1021 447 1081 Suriam
492 1021 807 1098 abscessit,
850 1032 1035 1082 morte
1077 1022 1342 1083 Ummidii
1389 1022 1570 1099 legati
1613 1036 1856 1082 vacuam
1903 1041 1972 1082 ac
2015 1022 2125 1083 sibi
2217 1094 2219 1101 ἲ

98 1106 481 1184 permissam.

246 1189 350 1248 27.
392 1188 615 1249 Eodem
660 1208 807 1249 anno
851 1208 926 1249 ex
967 1188 1302 1249 inlustribus
1345 1190 1524 1249 Asiae
1560 1150 1802 1249 urbibus
1836 1188 2160 1251 Laodicea

98 1283 377 1333 tremore
419 1282 615 1336 terrae
660 1273 970 1352 prolapsa,
1013 1273 1171 1333 nullo
1218 1287 1262 1331 a·
1302 1272 1472 1333 nobis
1516 1274 1808 1348 remedio,
1868 1276 2126 1352 propriis

100 1356 331 1457 opibus
360 1356 628 1417 revaluit.
700 1366 767 1416 at
796 1358 853 1416 in
883 1356 1049 1416 Italia
1079 1366 1247 1417 vetus
1277 1356 1548 1437 oppidum
1578 1357 1807 1417 Puteoli
1839 1359 1928 1416 ius
1960 1358 2119 1418 colo-

98 1444 251 1501 niae
281 1448 341 1499 et
374 1444 824 1517 cognomentum
857 1460 888 1501 a
917 1440 1155 1506 Nerone
1190 1443 1542 1519 apiscuntur.
1615 1443 1874 1500 veterani
1905 1442 2120 1501 Taren·
2217 1510 2221 1520 Ι

99 1534 236 1583 tum
293 1533 351 1583 et
394 1524 623 1585 Antium
668 1515 971 1604 adscripti
992 1541 1107 1583 non
1150 1534 1340 1585 tamen
1388 1525 1812 1603 infrequentiae
1853 1525 2116 1586 locorum
2141 1544 2168 1584 5

102 1609 480 1685 subvenere,
526 1609 767 1686 dilapsis
805 1608 1064 1687 pluribus
1109 1611 1164 1695 in
1204 1610 1534 1688 provincias
1575 1610 1632 1668 in
1665 1607 1870 1687 quibus
1905 1611 2118 1688 stipen-

102 1694 209 1751 dia
242 1692 653 1769 expleverant3
698 1710 887 1770 neque
932 1682 1219 1770 coniug'iis
1261 1692 1647 1771 suscipiendis
1679 1710 1867 1770 neque
1895 1693 2120 1753 alendis

104 1776 328 1836 liberis
376 1778 523 1835 sueti
565 1776 740 1836 orbas
784 1778 906 1835 sine
956 1778 1210 1854 posteris
1250 1778 1472 1836 domos
1495 1774 1916 1854 relinquebant.
2003 1795 2118 1837 non

58 1876 65 1883 ·
105 1862 305 1935 enim,
338 1868 398 1918 ut
426 1860 596 1936 olim,
626 1862 933 1920 universae
965 1860 1233 1936 legiones
1263 1857 1693 1917 deducebantur
1722 1876 1848 1916 cum
1877 1860 2118 1947 tribunis

106 1954 173 2004 et
226 1944 653 2005 centurionibus
695 1953 754 2004 et
797 1945 884 2003 sui
931 1945 1207 2021 cuiusque
1255 1940 1471 2002 ordinis
1513 1938 1818 2015 militibus,
1880 1950 1940 2001 ut
1983 1960 2116 2003 con·
2139 1963 2191 2004 10

104 2045 297 2087 sensu
321 2037 379 2086 et
403 2029 642 2088 caritate
669 2046 795 2088 rem
822 2026 1113 2106 publicam
1141 2026 1480 2100 efficerent,
1511 2022 1615 2082 sed
1644 2024 1828 2099 ignoti
1857 2026 2005 2084 inter
2037 2045 2120 2104 se,
2153 2079 2161 2084 ,

108 2111 368 2170 diversis
420 2113 763 2188 manipulis,
828 2113 954 2169 sine
1006 2117 1276 2186 rectore,
1341 2109 1464 2167 sine
1517 2105 1840 2166 adfectibus
1891 2105 2118 2186 mutuis,

109 2195 285 2272 quasi
310 2197 412 2251 ex
454 2193 570 2253 alio
614 2210 833 2272 genere
884 2193 1235 2252 mortalium
1218 2199 1498 2271 repente
1547 2192 1606 2249 in
1651 2209 1818 2280 unum
1860 2193 2118 2270 collecti,

108 2293 389 2336 numerus
416 2277 601 2353 magis
632 2290 801 2357 quam
834 2275 1105 2336 colonia.

252 2357 352 2420 28.
394 2359 657 2420 Comitia
708 2369 1039 2439 praetorum
1093 2359 1330 2420 arbitrio
1384 2366 1618 2419 senatus
1667 2358 1895 2418 haberi
1925 2361 2118 2438 solita,

112 2445 390 2525 quoniam
420 2445 649 2504 acriore
680 2442 892 2504 ambitu
926 2453 1286 2520 exarserant,
1317 2446 1594 2523 princeps
1623 2445 1968 2521 composuit,
1997 2449 2120 2522 tris,

114 2531 217 2609 qui
258 2545 434 2608 supra
464 2546 755 2588 numerum
784 2527 1087 2607 petebant,
1114 2527 1347 2605 legioni·
1365 2526 1780 2606 praeficiendo.
1849 2529 2123 2605 auxitque

116 2621 347 2693 patrum
394 2611 675 2672 honorem
732 2611 1031 2673 statuendo
1077 2620 1165 2689 ut,
1214 2613 1312 2690 qui
1355 2629 1388 2670 a
1435 2611 1674 2690 privatis
1717 2609 2004 2670 iudicibus
2049 2611 2122 2670 ad
2173 2655 2189 2668 .

118 2706 379 2757 senatum
421 2698 935 2775 provocavissent,
978 2695 1231 2756 eiusdem
1275 2696 1561 2773 pecuniae
1601 2693 1920 2771 periculum
1961 2694 2119 2754 face·
2142 2708 2170 2746 ⁵

116 2790 252 2840 rent
281 2782 439 2840 cuius
466 2783 513 2840 si
534 2783 629 2859 qui
658 2782 1067 2858 imperatorem
1091 2779 1505 2858 appellavere;
1538 2795 1667 2836 uam
1687 2786 1854 2846 antea
1879 2795 2120 2838 vacuum

116 2865 177 2924 id
246 2864 607 2943 solutumque
660 2880 851 2944 poena
910 2863 1119 2923 fuerat.
1208 2865 1322 2923 fine
1374 2863 1530 2923 anni
1556 2860 1762 2922 Vibius
1820 2861 2122 2921 Secundus

122 2966 305 3026 eques
348 2947 640 3009 Romanus
698 2945 1103 3010 accusantibus
1145 2946 1360 3007 Mauris
1405 2944 1850 3024 repetundarum
1892 2945 2122 3006 damna·

121 3041 215 3090 tur
250 3042 419 3111 atque
452 3031 617 3094 Italia
648 3032 935 3108 exigitur,
982 3049 1056 3090 ne
1085 3033 1359 3108 graviore
1394 3046 1582 3144 poena
1611 3027 1991 3106 adficeretur,
2021 3029 2120 3088 Vi-

126 3113 203 3175 bii
236 3114 427 3196 Crispi
453 3117 649 3178 fratris
682 3114 891 3194 opibus
922 3115 1135 3174 enisus.
2142 3137 2196 3178 10

252 3199 351 3264 29.
400 3200 693 3262 Caesonio
737 3200 917 3260 Paeto
970 3207 1029 3258 et
1064 3198 1338 3259 Petronio
1392 3197 1726 3277 Turpiliano
1788 3194 2120 3256 consulibus

128 3285 321 3360 gravis
364 3285 563 3346 clades
606 3285 665 3344 in
697 3283 985 3344 Britannia
1028 3290 1308 3360 accepta,
1350 3283 1407 3340 in
1455 3299 1566 3360 qua
1597 3297 1785 3359 neque
1819 3279 1890 3338 A.
1923 3279 2123 3339 Didius

130 3366 383 3445 legatus,
433 3377 495 3427 ut
544 3367 892 3442 memoravi,
947 3365 1055 3426 nisi
1106 3374 1270 3445 parta
1311 3367 1659 3442 retinuerat,
1705 3373 1764 3422 et
1807 3381 2125 3424 successor

132 3449 411 3512 Veranius
449 3452 693 3514 modicis
734 3449 1073 3514 excursibus
1112 3450 1334 3511 Siluras
1393 3449 1735 3529 populatus,
1801 3449 1936 3527 quin
1975 3449 2122 3510 ultra
