2475 4000
783 237 920 283 mn.
944 237 1045 284 111.
1079 236 1228 283 CAP.
1253 234 1493 322 495-53.
2022 224 2131 286 101

150 412 262 453 ιιοιι
295 394 518 453 senatui
547 388 790 453 libertas
823 394 892 454 ad
926 392 1328 471 paenitendum
1358 398 1512 465 erat,
1542 409 1731 468 neque
1762 390 2025 453 Tiberius
2055 392 2135 453 in·
2144 408 2191 449 ιο

149 479 396 539 teriectu
429 478 710 555 temporis
749 477 1131 554 mitigabatur.

274 562 375 621 52.
437 559 502 620 C.
548 561 840 639 Sulpicius
882 560 954 619 D.
1001 560 1279 620 Haterius
1339 548 1611 619 consules
1665 570 2009 637 sequuntur,
2058 562 2139 622 in·

148 646 408 707 turbidus
444 647 701 706 externis
731 645 906 705 rebus
943 663 1155 723 annue,
1201 644 1355 705 domi
1401 651 1672 720 suspecta
1706 646 2013 705 severitate
2045 646 2141 707 ad·

146 748 378 791 versum
407 730 623 806 luxum,
657 731 753 808 qui
790 731 1104 789 inmensum
1133 736 1481 807 proruperat
1524 726 1595 786 ad
1639 736 1843 787 cuncta
1874 731 2001 806 quis
2041 749 2141 808 pe-

149 817 314 875 cunia
344 816 687 893 prodigitur.
739 814 845 873 sed
879 814 990 874 alia
1024 824 1366 892 sumptuum,
1398 811 1661 890 quamvis
1692 812 1996 888 graviora,
2030 814 2141 873 dis-

147 899 424 960 simulatis
458 899 798 976 plerumque
834 900 1036 976 pretiis
1071 897 1540 977 occultabantur-3
1593 897 1810 955 ventris
1841 904 1899 955 et
1922 912 2171 972 ganeae
2172 909 2195 947 5

144 992 383 1062 paratus
415 983 666 1043 adsiduis
699 982 1062 1042 sermonibus
1095 983 1315 1061 vulgati
1347 982 1613 1040 fecerant
1644 998 1859 1056 curam,
1892 998 1966 1040 ne
1995 982 2145 1079 prin-

149 1087 294 1147 ceps
327 1069 594 1145 antiquae
626 1068 1012 1145 parsimoniae
1039 1066 1233 1125 d'urius
1262 1067 1613 1126 adverteret.
1676 1083 1804 1124 nam
1835 1065 2145 1142 incipiente

147 1151 210 1212 G.
260 1150 469 1211 Bibulo
517 1154 700 1211 ceteri
748 1169 979 1231 quoque
1022 1151 1245 1211 aediles
1287 1152 1708 1225 disseruerunt,
1758 1150 1955 1227 sperni
1998 1168 2145 1209 sum-

143 1237 427 1316 ptuariam
473 1236 668 1313 legem
709 1238 1002 1313 vetitaque
1051 1235 1378 1295 utensilium
1427 1234 1613 1312 pretia
1655 1235 1857 1311 augeri
1900 1234 1957 1291 in
1997 1234 2143 1311 dies,

143 1340 257 1381 nec
301 1319 690 1384 mediocribus
738 1320 1008 1379 remediis
1039 1320 1163 1378 sisti
1193 1336 1391 1397 posse.
1459 1327 1518 1378 et
1550 1318 1798 1377 consulti
1831 1327 2026 1396 patres
2063 1321 2143 1378 in-
2173 1324 2215 1364 0

144 1415 374 1483 tegrum
417 1404 474 1464 id
515 1404 812 1481 negotium
854 1404 925 1463 ad
957 1404 1278 1492 principem
1318 1403 1675 1463 distulerant.
1733 1402 1839 1463 sed
1882 1401 2146 1462 Tiberius

145 1507 332 1566 saepe
363 1487 514 1566 apud
545 1506 610 1547 se
644 1490 954 1567 pensitam,
991 1505 1062 1547 an
1096 1489 1361 1548 coerceri
1394 1498 1505 1548 tam
1537 1486 1814 1566 profusae
1848 1488 2147 1565 cupidines

142 1582 420 1654 possent,
464 1592 594 1631 num
636 1573 915 1633 coercitio
959 1572 1090 1652 plus
1132 1573 1320 1633 damni
1362 1574 1418 1632 in
1461 1590 1583 1631 rem
1624 1571 1911 1650 publicam
1939 1572 2145 1648 ferret,

144 1677 316 1738 quam
346 1657 684 1718 indecorum
717 1659 1044 1717 adtrectare
1077 1658 1231 1735 quod
1272 1674 1386 1717 non
1422 1656 1713 1717 obtineret
1740 1656 1836 1716 vel
1864 1665 2161 1716 retentum·

139 1743 512 1821 ignominiam
555 1751 614 1803 et
664 1743 948 1803 infamiam
994 1743 1247 1803 virorum
1300 1742 1619 1802 inlustrium
1678 1749 1982 1818 posceret,
2042 1759 2144 1822 po·
2172 1740 2215 1781 ¹⁵

144 1838 362 1887 stremo
406 1827 606 1886 literas
657 1828 729 1887 ad
769 1837 1029 1887 senatum
1075 1828 1433 1905 composuit,
1480 1842 1718 1907 quarum
1769 1827 2051 1887 sententia
2093 1827 2150 1885 in

141 1913 297 1971 hunc
324 1912 552 1971 modum
582 1912 706 1971 fuit.

273 1996 374 2057 53.
421 1992 677 2056 ‘Ceteris
721 1996 965 2056 forsitan
1005 1996 1060 2056 in
1101 1994 1312 2070 rebuS,
1364 2001 1563 2071 patres
1596 1991 1935 2069 conscripti,
1968 1994 2149 2070 magis

142 2081 424 2159 expediat
468 2099 558 2139 me
605 2097 799 2140 coram
840 2080 1188 2156 interrogari
1236 2087 1295 2136 et
1339 2078 1538 2137 dicere
1572 2073 1707 2153 quid
1748 2093 1781 2134 e
1809 2094 1874 2134 re
1918 2076 2151 2154 publica

28 2181 32 2190 ·
143 2180 454 2226 censeam:
500 2165 557 2222 in
585 2164 696 2223 hac
735 2164 1021 2224 relatione
1063 2162 1324 2222 subtrahi
1358 2160 1563 2221 oculos
1592 2177 1755 2219 meos
1788 2159 1992 2220 melius
2025 2161 2183 2236 fuit„

143 2266 223 2308 ne
271 2247 675 2306 denotantibus
730 2247 902 2306 vobis
954 2265 1055 2307 ora
1102 2265 1174 2306 ac
1217 2255 1427 2304 metum
1474 2243 1857 2323 singulorum,
1908 2246 2004 2326 qui
2050 2263 2150 2324 pu·

143 2331 325 2392 dendi
372 2330 539 2389 luxus
585 2340 1002 2407 arguerentur,
1063 2334 1192 2408 ipse
1230 2332 1400 2390 etiam
1442 2330 1699 2391 viderem
1743 2347 1847 2388 eos
1885 2349 1956 2391 ac
1996 2330 2154 2390 velut
2180 2337 2204 2376 5

143 2414 597 2494 deprenderem.
659 2415 811 2493 quod
839 2417 887 2474 si
919 2433 1142 2475 mecum
1175 2423 1306 2476 ante
1330 2416 1439 2474 viri
1471 2415 1705 2488 strenui,
1738 2413 1983 2490 aediles,
2018 2431 2152 2474 con·

144 2501 338 2561 silium
369 2497 740 2573 habuissent,
772 2495 974 2560 nescio
1011 2519 1082 2560 an
1114 2517 1391 2560 suasurus
1423 2499 1629 2560 fuerim
1664 2498 1926 2570 omittere
1964 2498 2155 2575 potius

143 2583 488 2664 praevalida
523 2592 580 2643 et
615 2583 806 2644 adulta
837 2585 973 2645 vitia
1005 2603 1172 2664 quam
1201 2585 1319 2644 hoc
1344 2584 1617 2664 adsequi,
1664 2591 1727 2641 ut
1759 2581 1959 2659 palam
1990 2581 2157 2640 lieret

143 2669 358 2748 quibus
413 2667 647 2746 flagitiis
705 2670 957 2746 impares
1015 2688 1297 2730 essemus.
1375 2668 1483 2729 sed
1526 2669 1609 2728 illi
1671 2666 1902 2745 quidem
1959 2665 2154 2734 officio

143 2754 329 2814 functi
360 2760 509 2831 sunt,
546 2762 609 2813 ut
640 2761 873 2812 ceteros
903 2771 1135 2832 quoque
1161 2753 1531 2832 magistratus
1560 2771 1663 2814 sua
1693 2751 1879 2810 munia
1910 2749 2153 2828 implere
2182 2756 2226 2796 ι0

143 2837 358 2897 velim:
389 2838 525 2896 mihi
555 2846 746 2897 autem
777 2855 967 2915 neque
998 2839 1301 2900 honestum
1335 2838 1514 2898 silere
1543 2853 1737 2917 neque
1760 2833 2031 2914 proloqui
2058 2852 2155 2893 ex·

144 2921 437 3001 peditum,
488 2923 620 3000 quia
663 2938 779 2981 non
821 2921 1024 2982 aedilis
1075 2932 1171 2982 aut
1209 2924 1501 3001 praetoris
1545 2929 1641 2982 aut
1687 2919 1941 2980 consulis
1979 2918 2158 2996 partis

145 3007 432 3065 sustineo.
499 3008 679 3067 maius
727 3004 941 3086 aliquid
985 3014 1042 3064 et
1077 3007 1373 3066 excelsius
1416 3023 1448 3065 a
1494 3006 1755 3085 principe
1801 3003 2157 3100 postulatum

147 3099 208 3148 et
256 3107 382 3150 cum
425 3100 590 3151 recte
635 3091 922 3150 factorum
965 3089 1075 3149 sibi
1112 3091 1357 3168 quisque
1405 3092 1648 3167 gratiam
1684 3087 1941 3162 trahant,
1997 3086 2159 3145 unius
2260 3135 2263 3142 .

146 3157 362 3235 inv‘idia
405 3175 476 3235 ab
524 3173 784 3235 omnibus
829 3184 1127 3254 peccatur.
1197 3176 1333 3254 quid
1374 3176 1522 3234 enim
1561 3174 1800 3253 primum
1845 3170 2228 3250 proh1here1⁵

149 3268 210 3318 et
242 3259 494 3335 priscum
527 3259 599 3320 ad
630 3273 850 3320 morem
881 3260 1149 3319 recidere
1183 3255 1533 3338 adgrediar?
1573 3258 1910 3317 villarumne
1946 3254 2159 3315 infinita

152 3341 384 3420 spatia?
454 3345 794 3406 familiarum
849 3361 1146 3404 numerum
1199 3353 1262 3404 et
1302 3339 1608 3404 nationes?
1662 3340 1884 3417 argenti
1929 3348 1987 3399 et
2040 3339 2159 3399 auri

147 3424 421 3506 pondus?
484 3431 638 3488 aeris
687 3428 1126 3507 tabularumque
1171 3423 1487 3490 miracula?
1553 3425 1873 3506 promiscas
1916 3423 2053 3483 viris
2101 3430 2161 3482 et

149 3511 382 3571 feminis
424 3521 625 3572 vestes
672 3522 844 3590 atque
885 3513 983 3574 illa
1034 3513 1369 3574 feminarum
1412 3512 1683 3592 propria,
1730 3510 1857 3588 quis
1908 3507 2159 3588 lapidum
