2475 4000
667 171 874 219 LIBER
904 172 1006 218 ιιι.
1055 170 1202 217 cAP.
1240 168 1481 222 67—72.
1656 194 1659 201 -
1943 160 2061 221 109

93 330 136 386 si
175 327 404 406 propria
442 329 542 386 ira·
585 343 701 385 non
753 322 1179 403 impelleretur,
1250 324 1461 385 addidit
1523 324 1760 385 insulam
1820 324 2066 401 Gyarum

90 414 326 469 inmitem
357 416 414 468 et
444 410 570 469 sIne
617 407 772 467 cultu
800 406 1083 467 hominum
1131 426 1296 467 esse:
1345 410 1543 468 darent
1582 409 1772 469 Iuniae
1816 410 2063 470 familiae
2081 438 2133 475 20

92 505 144 553 et
181 495 301 553 viro
351 493 635 572 quondam
673 491 886 550 ordinis
929 491 1214 567 eiusdem,
1266 501 1325 551 ut
1370 491 1649 565 Cythnum
1694 495 1881 570 potius
1928 513 2061 555 con·

94 578 334 637 cederet.
396 576 453 636 id
483 593 746 637 sororem
778 593 1007 654 quoque
1037 574 1216 635 Silani
1253 566 1629 654 Tor-quatem,
1673 579 1900 653 priscae
1938 596 2061 638 san·

93 662 382 723 ctimoniae
437 662 750 739 virginem,
809 668 1109 738 expetere.
1194 661 1252 718 in
1304 659 1451 719 hanc
1510 660 1845 721 sententiam
1911 658 2063 721 facta

93 746 384 805 discessio.

206 830 302 889 70.
341 828 482 889 Post
511 827 681 888 auditi
718 825 1106 902 Cyrenenses,
1136 836 1196 885 et
1218 834 1528 886 accusante
1555 825 1843 886 Anchario
1868 826 2065 886 Prisco

93 912 316 973 Caesius
352 911 576 973 Gordus
612 910 1052 989 repetundarum
1082 909 1395 972 damnatur.
1447 909 1508 970 L
1546 908 1789 970 Ειιιιίιιιιι
1820 913 2066 1009 equitem

89 997 421 1074 Romanum,
469 995 780 1057 maiestatis
823 995 1198 1093 postulatur-113
1259 992 1415 1073 quod
1474 993 1729 1070 effigiem
1789 982 2066 1074 principis

91 1083 424 1159 promiscum
452 1080 524 1141 ad
552 1098 712 1139 usum
740 1081 961 1154 argenti
991 1080 1284 1155 vertisset,
1312 1078 1496 1155 recipi
1525 1077 1744 1138 Caesar
1766 1079 1915 1137 inter
1931 1096 2067 1137 reos

93 1168 282 1243 vetuit,
345 1164 533 1244 palam
580 1172 925 1243 aspernante
978 1163 1151 1223 Ateio
1208 1160 1490 1239 Capitone
1538 1162 1698 1239 quasi
1748 1180 1853 1242 per
1895 1162 2117 1230 liber-5

91 1258 272 1309 tatem.
350 1266 468 1309 non
497 1250 643 1308 enim
679 1245 895 1306 debere
928 1249 1072 1323 eripi
1109 1245 1367 1324 patribus
1400 1246 1511 1303 vim
1552 1244 1833 1305 statuendi
1856 1264 2063 1343 ‘neque

89 1340 288 1393 tantum
331 1331 678 1392 maleficium
725 1332 954 1409 impune
1010 1328 1349 1389 habendum.
1428 1346 1566 1388 sane
1622 1318 1811 1390 lentu‘s
1852 1331 1909 1389 in
1959 1347 2065 1389 suo

89 1416 283 1477 dolore
315 1425 508 1477 esset:
554 1417 642 1475 rei
685 1413 954 1493 publicae
1003 1414 1231 1473 iniurias
1275 1432 1348 1471 ne
1389 1412 1714 1489 largiretur.
1785 1415 2070 1473 intellexit

88 1499 224 1559 haec
252 1501 556 1576 Tiberius,
602 1507 660 1558 ut
695 1506 856 1557 erant
897 1500 1080 1575 magis
1112 1516 1279 1575 quam
1308 1506 1368 1555 ut
1396 1495 1759 1576 dicebantur,
1794 1500 2065 1576 perstitit-

89 1601 192 1660 que
222 1584 614 1645 intercedere.
671 1580 880 1660 Gapito
907 1581 1485 1659 insignitior-infamia
1508 1582 1631 1657 fuit,
1663 1582 1819 1660 quod
1841 1582 2065 1642 humani
2089 1609 2137 1649 10

88 1667 370 1748 divinique
399 1670 539 1729 iuris
571 1666 763 1726 sciens
796 1669 1098 1743 egregium
1125 1664 1416 1746 publicum
1461 1676 1519 1725 et
1556 1665 1740 1726 bonas
1786 1666 1935 1725 domi
1976 1685 2063 1725 ar-

87 1758 168 1827 tes
200 1753 718 1813 dehonestavisset.

207 1835 593 1896 711ncessit
637 1834 768 1894 dein
808 1835 1052 1912 religio,
1109 1853 1355 1913 quonam
1403 1835 1460 1892 in
1514 1832 1727 1911 templo
1764 1833 2067 1893 locandum

85 1918 234 1978 foret
263 1920 492 1998 donum,
527 1919 680 2000 quod
715 1936 822 2000 pro
855 1917 1180 1978 valetudine
1223 1919 1524 1993 Augustae
1564 1917 1788 1992 equites
1827 1917 2067 1977 Romani

87 2013 364 2064 voverant
423 2005 677 2083 equestri
743 2003 1059 2063 Fortunae:
1111 2021 1239 2062 nam
1294 2002 1403 2060 etsi
1450 1996 1688 2058 delubra
1742 2001 1863 2058 eius
1924 2000 2067 2058 deae

84 2089 256 2147 multa
294 2089 354 2146 in
382 2087 547 2163 urbe,
577 2086 788 2146 nullum
818 2095 1006 2146 tamen
1035 2087 1133 2145 tali
1165 2091 1549 2182 cognomento
1582 2091 1723 2142 erat.
1780 2091 2072 2161 repertum

81 2181 174 2230 est
207 2169 414 2228 aedem
455 2188 588 2229 esse
617 2170 768 2246 apud
800 2170 1062 2244 Antium,
1111 2187 1259 2246 quae
1300 2170 1384 2227 sic
1433 2176 1892 2246 nuncuparetur,
1936 2184 2067 2226 cun·
2097 2195 2122 2234 5

85 2262 332 2329 ctasque
376 2253 748 2324 caerimonias
788 2251 1002 2312 Italicis
1046 2254 1104 2310 in
1150 2251 1379 2332 oppidis
1422 2251 1750 2330 templaque
1796 2259 1853 2310 et
1896 2252 2068 2310 numi-

81 2355 216 2396 num
261 2335 494 2411 effigies
533 2337 674 2394 iuris
723 2344 893 2413 atque
945 2337 1167 2414 imperii
1217 2337 1457 2396 Romani
1508 2354 1660 2395 esse.
1741 2335 1817 2394 ita
1866 2335 2073 2395 donum

85 2419 239 2498 apud
271 2419 505 2478 Antium
536 2420 810 2478 statuitur.
871 2429 928 2478 et
960 2422 1224 2498 quoniam
1254 2420 1327 2480 de
1372 2419 1748 2496 religionibus
1790 2418 2072 2479 tractaba-

84 2514 203 2581 tur,
247 2504 482 2564 dilatum
511 2521 696 2580 nuper
731 2521 1074 2582 responsum
1115 2505 1391 2564 adversus
1434 2503 1693 2565 Servium
1721 2503 2072 2578 Maluginen-

89 2607 210 2648 sem
239 2588 526 2666 flaminem
551 2586 770 2647 Dialem
803 2591 1086 2667 prompsit
1114 2588 1332 2651 Caesar
1358 2589 1735 2666 recitavitque
1780 2585 2073 2646 decretum
2095 2611 2143 2650 ιο

95 2673 460 2750 pontificum,
505 2671 769 2748 quotiens
807 2672 1078 2732 valetudo
1120 2674 1364 2733 adversa
1406 2673 1686 2732 flaminem
1710 2669 1952 2746 *Dialem
1992 2671 2073 2728 in-

97 2759 374 2816 cessisset
403 2761 464 2816 et
486 2765 548 2814 ut
579 2754 866 2834 pontilicis
895 2758 1120 2816 maximi
1150 2758 1387 2818 arbitrio
1416 2756 1547 2836 plus
1580 2773 1745 2834 quam
1764 2755 2073 2815 binoctium

95 2838 347 2916 abesset,
382 2838 510 2898 dum
540 2857 613 2897 ne
666 2837 867 2901 diebus
907 2841 1122 2918 publici
1162 2841 1431 2902 sacrificii
1471 2858 1583 2899 neu
1624 2840 1857 2918 saepius
1908 2856 2075 2916 quam

91 2921 181 2982 bis
232 2923 478 2984 eundem
530 2923 586 2980 in
639 2941 872 2992 annum;
898 2941 1082 3000 quae
1133 2927 1391 3004 principe
1453 2923 1717 3000 Augusto
1770 2924 2075 2982 constituta

95 3010 230 3067 satis
277 3005 660 3067 ostendebant
699 3025 935 3066 annuam
981 3006 1292 3069 absentiam
1344 3017 1403 3067 et
1449 3008 1871 3090 provinciarum
1902 3004 2143 3064 admi-15

96 3092 486 3151 nisti-ationem
518 3089 776 3150 Dialibus
805 3109 919 3150 non
955 3091 1217 3150 concedi.
1282 3085 1815 3189 memorabaturque
1857 3090 1919 3149 L.
1954 3090 2072 3149 Me-

95 3175 218 3233 telli
251 3175 542 3253 pontilicis
577 3175 802 3234 maximi
832 3174 1191 3253 exemplum,
1238 3176 1334 3274 qui
1366 3174 1570 3235 Aulum
1602 3175 1946 3234 Postumium
1975 3173 2072 3232 fla-

95 3260 300 3318 minem
345 3258 681 3318 attinuisset.
749 3260 823 3320 ita
865 3277 996 3319 sors
1037 3258 1213 3318 Asiae
1263 3261 1320 3318 in
1372 3275 1499 3316 eum
1549 3259 1646 3336 qui
1696 3258 2074 3318 consularium

97 3340 481 3418 Maluginensi
510 3343 802 3421 proximus
834 3351 956 3404 erat
985 3343 1230 3403 conlata.

139 3441 158 3458 ³
224 3425 325 3485 72.
370 3423 558 3486 Isdem
587 3425 788 3500 diebus
813 3426 1063 3507 Lepidus
1095 3425 1166 3487 ab
1208 3435 1407 3487 senatu
1428 3428 1639 3505 ‚petivit
1679 3435 1740 3488 ut
1782 3426 2075 3487 basilicam
