2475 4000
356 199 481 262 320
946 208 1276 256 cosmum
1305 209 1538 256 'mom
1559 194 1952 280 ἏΝΝΑΜῌΜ·

479 366 575 425 10.
624 361 785 422 Haud
822 361 1005 422 minus
1048 372 1316 442 prompte
1353 362 1415 422 L.
1457 363 1639 422 Vetus
1681 380 2002 440 socrusque
2043 363 2170 424 eius
2197 362 2354 421 Sex-

360 450 436 507 tia
476 455 535 506 et
573 444 802 506 Pollitta
848 445 959 504 fllia
1002 463 1205 506 necem
1247 445 1512 521 subiere,
1559 447 1726 505 invisi
1772 447 2017 524 principi
2060 455 2358 522 tamquam

363 529 605 590 vivendo
662 529 1083 607 exprobrarent
1121 530 1486 590 inter-fectum
1529 548 1662 589 esse
1703 529 2028 590 Rubellium
2067 529 2352 606 Plautum,

359 631 633 691 generum
663 611 726 671 L.
756 613 1009 674 Veteris.
1068 615 1173 673 sed
1214 613 1427 673 initium
1466 612 1830 690 detegendae
1867 614 2144 674 saevitiae
2175 631 2354 691 prae·

316 719 340 757 5
361 698 478 757 buit
518 697 854 755 inter-versis
892 699 1117 774 patroni
1163 696 1338 756 rebus
1375 697 1446 755 ad
1487 697 1867 758 accusandum
1911 696 2354 773 transgrediens

359 781 703 842 Fortunatus
728 779 991 855 libertus,
1024 779 1244 841 adscito
1280 780 1519 840 Claudio
1547 779 1848 855 Demiauo,
1880 799 2048 858 quem
2077 779 2154 840 ob
2179 780 2350 856 flag-i-

360 867 437 928 tia
477 865 729 923 vinctum
768 881 803 922 a
846 865 1065 923 Vetere
1104 863 1284 923 Asiae
1340 881 1446 941 pro
1501 865 1750 924 consulet
1783 863 2036 923 exsolvit
2075 863 2238 924 Nero
2289 866 2354 922 in

360 949 671 1027 praemium
702 947 1105 1006 accusationis.
1164 947 1321 1026 quod
1355 947 1447 1006 ubi
1477 950 1771 1024 cognitum
1799 965 1902 1008 reo
1921 991 1938 1021 ,
1970 965 2154 1025 seque
2185 956 2246 1006 et
2277 947 2348 1006 li·

359 1032 583 1092 bertum
623 1032 745 1108 pari
789 1039 946 1090 sorte
988 1033 1287 1110 componi,
1334 1030 1673 1090 Formianos
1705 1034 1762 1090 in
1797 1049 1974 1107 agros
2005 1030 2349 1107 digreditur.

292 1130 343 1170 ιο
360 1116 479 1176 illic
524 1133 651 1174 eum
694 1113 903 1174 milites
946 1114 1175 1174 occulta
1220 1115 1480 1174 custodia
1521 1115 1893 1174 circumdant.
1963 1115 2162 1174 aderat
2207 1113 2346 1189 fllia,

360 1216 536 1277 super
574 1200 849 1284 ingruens
893 1198 1209 1275 periculum
1253 1198 1434 1275 longo
1477 1197 1681 1257 dolore
1714 1207 1912 1273 atrox,
1955 1216 2031 1258 ex
2059 1215 2172 1276 quo
2214 1216 2348 1277 per·

362 1299 633 1343 cussores
675 1281 861 1341 Plauti
915 1281 1098 1341 mariti
1152 1283 1238 1342 sui
1283 1282 1540 1350 viderat;
1595 1292 2000 1360 cruentamque
2056 1281 2350 1340 cervicem

362 1369 485 1428 eius
517 1365 780 1444 amplexa
808 1363 1079 1424 servabat
1109 1367 1445 1442 sanguinem
1477 1375 1535 1425 et
1566 1374 1764 1424 vestes
1793 1383 2128 1444 respersas,
2174 1364 2350 1424 vidua

361 1452 577 1528 inpexa
620 1449 774 1508 luctu
818 1451 1085 1509 continuo
1128 1467 1237 1508 nec
1277 1449 1408 1508 ullis
1452 1449 1734 1508 alimentis
1771 1451 1880 1508 nisi
1911 1467 2058 1526 quae
2101 1458 2348 1508 mortem

295 1553 343 1592 15
366 1540 649 1593 arcerent.
706 1541 821 1590 tum
851 1532 1115 1591 hortante
1148 1542 1314 1610 patre
1335 1532 1642 1610 Neapolim
1673 1535 1884 1612 pergit.
1942 1541 2001 1591 et
2027 1534 2160 1611 quia
2193 1532 2348 1591 aditu

360 1616 609 1676 Neronis
644 1614 1083 1693 prohibebatur,
1132 1634 1410 1691 egressus
1440 1616 1751 1689 obsidens,
1801 1617 2026 1676 audiret
2063 1617 2350 1675 insontem

360 1717 509 1759 neve
541 1697 869 1758 consulatus
900 1700 990 1757 sui
1015 1699 1298 1776 quondam
1331 1699 1618 1776 collegam
1641 1699 1881 1758 dederet
1908 1700 2137 1775 liberto,
2169 1698 2348 1758 modo

359 1782 621 1842 muliebri
650 1781 891 1857 eiulatu,
936 1781 1239 1860 aliquando
1283 1801 1758 1860 sexum-egressa
1789 1801 1939 1842 voce
1967 1783 2192 1842 infensa
2229 1782 2346 1841 cla·

359 1867 623 1943 mitabat,
657 1865 845 1925 donec
885 1867 1159 1945 princeps
1205 1866 1534 1928 inmobilem
1579 1885 1642 1928 se
1679 1867 1955 1944 precibus
1992 1875 2049 1926 et
2098 1864 2349 1926 invidiae

290 1973 341 2014 20
360 1953 513 2012 iuxta
546 1949 815 2011 ostendit.

490 2038 587 2096 11.
640 2034 800 2110 Ergo
842 2036 1059 2094 nuntiat
1092 2037 1240 2113 patri
1281 1990 1516 2095 abicere
1561 2016 1724 2112 spem
1757 2043 1816 2093 et
1843 1998 1924 2093 uti
1965 2036 2344 2093 necessitate:

360 2118 533 2179 simul-
563 2118 819 2178 adfertur
851 2120 1040 2196 parari
1072 2120 1462 2195 cognitionem
1493 2128 1724 2178 senatus
1765 2127 1822 2176 et
1857 2127 2076 2177 trucem
2118 2126 2347 2179 s·enten
2379 2155 2390 2173 2

358 2205 509 2262 tiam.
567 2219 680 2260 nec
723 2201 965 2261 defuere
1001 2204 1093 2279 qui
1142 2211 1458 2261 monerent·
1482 2220 1689 2278 magna
1741 2220 1818 2260 ex
1861 2210 2026 2278 parte
2069 2200 2350 2261 heredem
2454 2236 2455 2286 g

361 2285 671 2345 Caesarem
708 2302 1041 2362 nuncupare
1082 2293 1254 2363 atque
1296 2287 1372 2346 ita
1421 2285 1729 2364 nepotibus
1773 2285 1845 2343 de
1879 2285 2104 2361 reliquo
2139 2302 2348 2345 consu-

317 2368 504 2429 slere.
567 2368 719 2446 quod
764 2378 1135 2445 aspernatus,
1186 2387 1262 2428 ne
1300 2372 1472 2429 vitam
1504 2370 1766 2447 proxime
1808 2368 2131 2427 libertatem
2163 2377 2350 2428 actam

358 2452 673 2512 novissimo
714 2452 951 2522 servitio
993 2452 1286 2528 foedaret,
1340 2453 1580 2529 largitur
1625 2454 1681 2511 in
1717 2470 1922 2511 servos
1953 2460 2220 2529 quantum
2253 2452 2348 2511 ad-

360 2544 483 2595 erat
525 2537 833 2614 pecuniae;
890 2543 949 2594 et
994 2537 1042 2595 si
1088 2554 1196 2614 qua
1240 2539 1527 2613 asportari
1571 2538 1840 2615 possent,
1903 2535 2015 2595 sibi
2060 2551 2348 2617 quemque

360 2619 672 2694 deducere,
708 2620 809 2678 tris
839 2619 1011 2700 modo
1040 2619 1292 2679 lectulos
1319 2619 1390 2679 ad
1418 2637 1684 2699 suprema
1712 2621 1946 2679 retineri
1979 2618 2156 2681 iubet.
2213 2629 2350 2678 tunc

360 2704 566 2763 eodem
596 2705 653 2761 iu
686 2702 990 2778 cubiculo,
1034 2703 1239 2762 eodem
1278 2704 1436 2763 ferro
1469 2703 1808 2767 abscindunt
1835 2721 2046 2778 venas,
2082 2706 2348 2781 properi-

291 2807 339 2847 ιο
359 2805 468 2865 que
506 2796 573 2862 ¹et
614 2786 859 2863 singulis
902 2787 1159 2847 vestibus
1202 2788 1276 2848 ad
1313 2787 1719 2847 verecundiam
1763 2788 1938 2847 velati
1979 2786 2226 2845 balineis
2267 2788 2348 2845 in·
2451 2846 2453 2849 Α

356 2871 633 2945 feruntur,
671 2880 837 2948 pater
864 2870 1067 2945 filiam,
1099 2872 1225 2930 avia
1257 2882 1518 2950 neptem,
1549 2872 1648 2931 illa
1677 2880 1954 2948 utrosque
1983 2872 2244 2945 intuens,
2293 2878 2352 2928 et
2452 2870 2453 2937 ζ

358 2957 616 3015 certatim
659 2963 973 3033 precantes
1014 2953 1230 3013 labenti
1267 2956 1484 3015 animae
1515 2955 1771 3016 celerem
1803 2956 2048 3028 exitum,
2086 2963 2146 3013 ut
2176 2953 2350 3013 rolin·
2452 2962 2453 2969 ’

355 3048 599 3116 querent
644 3054 781 3097 suos
822 3039 1165 3114 superstites
1198 3048 1257 3099 et
1287 3041 1615 3099 morituros.
1677 3039 2048 3115 servavitque
2089 3036 2352 3096 ordinem

354 3122 603 3198 fortuna,
635 3138 704 3181 ac
736 3124 997 3181 senio-res
1032 3124 1209 3200 prius,
1240 3132 1356 3182 tum
1387 3124 1478 3181 cui
1512 3125 1690 3202 prima
1724 3132 1887 3182 aetas
1917 3122 2350 3197 extinguuntur.

290 3221 340 3261 ιιι
358 3209 609 3266 accusati
646 3216 779 3284 post
812 3205 1163 3284 sepulturam
1205 3206 1615 3284 decretumque
1649 3215 1708 3265 ut
1747 3222 1910 3265 more
1943 3207 2218 3265 maiorum
2245 3203 2350 3281 pu-

356 3291 626 3349 nirentur.
684 3300 745 3349 et
784 3288 943 3348 Nero
984 3291 1346 3369 intercessit,
1395 3299 1638 3351 mortem
1683 3291 1808 3350 sine
1852 3288 2066 3349 arbitro
2114 3289 2350 3368 permit-

354 3379 502 3431 tens.
564 3390 635 3433 ea
667 3372 941 3433 caedibus
972 3377 1225 3450 peractis
1256 3374 1498 3435 ludibria
1523 3373 1939 3435 adiciebantur.

480 3456 576 3513 12.
631 3456 694 3515 Ρ.
740 3455 936 3515 Gallus
982 3474 1160 3534 eques
1199 3458 1515 3533 Romanus,
1570 3458 1723 3533 quod
1769 3457 1986 3517 Faenio
2023 3454 2176 3515 Rufo
2221 3456 2352 3515 inti·
2450 3478 2451 3501 ι
