2475 4000
416 203 497 263 62
704 185 706 190 ’
910 209 1237 259 connnmr
1269 195 1501 258 'morri
1539 211 1906 258 Anxanum

410 368 619 441 tinam,
660 363 911 441 Cymen,
963 365 1221 426 Tmolum
1261 365 1442 424 levari
1483 365 1632 424 idem
1675 365 1732 425 in
1771 363 2274 442 tempustrihutis
2311 369 2474 426 mit-

412 452 570 528 tique
612 467 686 508 ex
728 457 933 508 senatu
966 449 1179 526 placuit
1220 449 1316 526 qui
1365 450 1690 527 praesentia
1735 457 2028 527 spectaret
2069 448 2466 510 refoveret-

346 530 545 611 1‘5que.
610 531 869 592 delectus
900 540 991 590 est
1018 532 1094 591 Μ.
1130 532 1358 592 Aletius
1389 551 1423 591 e
1460 532 1796 610 praetoriis,
1831 549 1904 590 ne
1937 531 2242 592 consulari
2275 533 2464 594 obti-

410 625 581 676 nente
608 615 803 676 Asiam
846 615 1148 675 aemulatio
1191 617 1342 674 inter
1383 633 1556 694 pares
1601 624 1660 674 et
1699 633 1774 674 ex
1818 631 1890 674 eo
1938 615 2466 692 impedimentum

302 699 309 722 ¹
363 710 383 740 s
412 709 693 762 oreretur.

530 781 631 844 48.
680 783 1043 859 Magnificam
1096 781 1153 839 in
1215 780 1505 858 publicum
1558 781 1922 858 largitionem
1975 783 2130 841 auxit
2187 781 2466 845 Caesar

408 868 556 944 haud
600 868 781 926 minus
830 865 997 942 grata
1029 864 1410 940 liberalitate,
1455 864 1610 942 quod
1657 865 1806 924 bona
1855 864 2138 924 Aemiliae
2185 865 2458 944 Musae,

408 951 717 1028 locupletis
756 952 1088 1025 intestatae,
1130 949 1307 1026 petita
1350 951 1406 1007 in
1437 948 1637 1008 fiscum
1663 948 1911 1008 Aemilio
1940 945 2203 1026 Lepido,
2255 953 2462 1010 cuius

410 1053 441 1095 e
482 1035 649 1095 domo
694 1032 1019 1109 videbatur,
1064 1040 1125 1091 et
1148 1030 1367 1090 Patulei
1407 1031 1594 1091 divitis
1635 1033 1842 1110 equitis
1879 1032 2122 1094 Romani
2163 1032 2454 1094 heredi-

355 1139 378 1175 5
411 1129 613 1193 tatem,
657 1131 995 1196 quamquam
1038 1117 1167 1194 ipse
1208 1115 1382 1175 heres
1411 1117 1470 1173 in
1493 1124 1676 1192 parte.
1689 1115 2020 1191 legeretur,
2059 1115 2322 1178 tradidit
2359 1119 2456 1179 M.

360 1199 367 1216 '
409 1201 683 1278 Servilio,
743 1217 911 1278 quem
968 1198 1256 1277 prioribus
1311 1215 1498 1276 neque
1539 1200 1827 1277 suspectis
1865 1198 2074 1259 tabulis
2119 1201 2454 1278 seriptum

410 1294 802 1363 compererat,
856 1282 1211 1343 nobilitatem
1253 1285 1547 1360 utriusque
1591 1284 1834 1360 pecunia
1875 1281 2178 1342 iuvandam
2239 1301 2450 1360 prae-

406 1369 574 1427 fatus.
652 1385 851 1448 neque¹
884 1365 1260 1425 hereditatem
1293 1366 1620 1443 cuiusquam
1665 1365 1800 1424 adiit
1831 1367 1936 1426 nisi
1977 1383 2101 1425 cum
2148 1368 2450 1428 amicitia

408 1453 742 1510 meruisset:
798 1452 1037 1526 ignotos
1091 1457 1149 1507 et
1192 1448 1318 1508 aliis
1358 1449 1616 1508 infensos
1661 1466 1850 1526 eoque
1893 1449 2224 1527 principem
2273 1469 2446 1511 nun-

342 1550 389 1590 no
408 1542 685 1612 cupantes
728 1531 933 1610 procul
974 1531 1225 1592 arcebat.
1274 1541 1530 1592 ceterum
1573 1540 1633 1592 ut
1675 1531 1974 1592 honestam
2008 1534 2446 1594 innocentium

335 1657 346 1674 .
407 1623 802 1695 paupertatem
829 1615 1073 1690 levavit,
1119 1617 1197 1674 ita
1229 1614 1510 1693 prodigos
1544 1623 1602 1674 et
1631 1613 1708 1676 ob
1735 1615 1950 1693 flagitia
1979 1625 2272 1693 egentes,
2324 1621 2440 1678 Vi-

404 1700 613 1760 bidium
663 1686 1019 1774 Varronem,
1084 1692 1322 1758 Marium
1368 1699 1692 1777 Nepotem,
1745 1699 1994 1778 Appium
2041 1697 2442 1778 Appianum,

406 1782 733 1843 Cornelium
772 1781 1019 1858 Sullam,
1061 1782 1131 1856 Q.
1164 1781 1458 1841 Vitellium
1497 1783 1676 1842 movit
1703 1791 1902 1842 senatu
1932 1792 2027 1842 aut
2056 1793 2288 1862 sponte
2327 1804 2438 1844 ce-

405 1867 545 1927 dere
577 1885 785 1946 passns
816 1874 936 1926 est.-
1441 1913 1450 1923 .
2015 1878 2026 1894 ¹

436 2018 445 2029 ,
524 1953 626 2014 49.
658 1951 851 2012 Isdem
877 1949 1231 2030 temporibus
1263 1949 1430 2010 deum
1470 1949 1646 2010 aedes
1675 1959 1957 2011 vetustate
1985 1957 2080 2035 aut
2105 1950 2237 2027 igni
2269 1951 2438 2013 abo-

399 2038 529 2096 litas
563 2044 919 2114 coeptasque
943 2034 1015 2095 ab
1042 2034 1307 2112 Augusto
1342 2033 1658 2111 dedicavit,
1701 2034 1910 2095 Libero
1941 2034 2330 2113 Liberaeque
2369 2046 2436 2095 et

402 2118 605 2179 Cereri
630 2121 795 2178 iuxta·
818 2119 1031 2177 circum
1074 2120 1405 2194 maximum,
1455 2135 1620 2195 quam
1664 2117 1736 2176 A.
1783 2117 2103 2179 Postumius
2148 2117 2438 2179 dictator

320 2204 331 2214 '
400 2211 673 2277 voverat,
712 2200 1031 2280 eodemque
1062 2204 1121 2261 in
1151 2203 1286 2263 loco
1317 2201 1518 2262 aedem
1547 2200 1766 2261 Florae
1791 2201 1865 2261 ab
1894 2202 2068 2266 Lucio
2099 2206 2162 2259 et
2195 2201 2432 2263 Marco

348 2302 370 2339 5
402 2284 673 2345 Publiciis
712 2284 992 2345 aedilibus
1026 2289 1412 2361 constitutam,
1459 2292 1516 2343 et
1544 2284 1683 2344 Iano
1713 2285 2016 2363 templum,
2051 2284 2215 2362 quod
2247 2286 2434 2365 apud
2473 2306 2475 2317 ²

378 2369 581 2429 :forum
609 2368 937 2430 holitorium
968 2367 1033 2427 C.
1057 2368 1280 2429 Duilius
1311 2375 1632 2443 struxerat,
1668 2371 1762 2445 qui
1795 2371 2006 2447 primus
2037 2385 2158 2427 rem
2177 2368 2432 2429 Roma-
2471 2422 2473 2432 .

396 2470 525 2511 nam
567 2470 855 2530 prospere
896 2454 1036 2511 mari
1078 2456 1262 2529 gessit
1298 2450 1750 2529 triumphumque
1781 2452 2044 2511 navalem
2075 2450 2144 2510 de
2177 2448 2434 2512 Poenis
2469 2514 2471 2524 ,

394 2538 613 2595 meruit.
691 2537 833 2613 Spei
874 2536 1050 2596 aedes
1096 2554 1127 2595 a
1168 2535 1506 2596 Germanico
1551 2542 1840 2595 sacratur:
1883 2535 2032 2595 banc
2072 2536 2144 2592 A.
2183 2534 2434 2596 Atilius
2469 2526 2471 2542 '

344 2638 350 2649 ¹
398 2629 638 2679 voverat
664 2619 867 2679 eodem
896 2619 1076 2679 bello.
2467 2620 2469 2654 ¹

502 2706 615 2765 150.
673 2702 1071 2772 Adolescebat
1106 2704 1328 2762 interea
1370 2700 1468 2761 lex
1523 2702 1858 2762 maiestatis.
1943 2709 2001 2760 et
2041 2701 2430 2779 Appuleiam
2465 2710 2467 2764 Ι

318 2835 330 2849 s
392 2786 697 2862 Varillam,
742 2788 960 2846 sororis
1010 2786 1258 2862 Augusti
1307 2794 1572 2863 neptem,
1616 2788 1747 2864 quia
1779 2784 2081 2865 probrosis
2109 2790 2465 2876 sermoni-1

393 2870 500 2929 bus
544 2870 733 2930 divum
765 2869 1083 2945 Augustum
1125 2887 1194 2929 ac
1224 2866 1514 2929 Tiberium
1553 2878 1612 2929 et
1655 2878 1892 2929 matrem
1935 2870 2058 2927 eius
2090 2868 2464 2986 inlusisset]

396 2954 745 3031 Caesarique
800 2970 1023 3013 conexa
1080 2951 1362 3013 adulterio
1420 2962 1754 3032 teneretur,
1799 2951 2114 3011 maiestatis
2158 2950 2451 3017 delator-

347 3055 371 3094 5
398 3037 751 3097 arcessebat.
834 3036 905 3095 de
950 3036 1227 3096 adulterio
1271 3038 1410 3097 satis
1453 3038 1647 3097 caveri
1675 3036 1812 3112 lege
1840 3035 1984 3095 Iulia
2015 3036 2234 3095 visum:
2283 3056 2426 3097 ma-

394 3122 611 3181 iestatis
672 3116 885 3179 crimen
940 3120 1209 3197 distingui
1253 3120 1470 3181 Caesar
1529 3119 1840 3198 postulavit
1881 3118 2300 3197 damnarique,
2363 3124 2426 3181 si

394 3222 504 3282 qua
552 3204 637 3263 de*
666 3204 931 3279 Augusto
979 3204 1318 3281 inreligiose
1363 3204 1630 3263 dixisset:
1683 3204 1739 3261 in
1779 3222 1844 3263 se
1901 3203 2048 3261 iacta
2103 3200 2270 3262 nolle
2339 3204 2424 3264 ad

396 3290 783 3364 cognitionem
812 3290 1033 3347 vocari.
1095 3290 1542 3363 interrogatus-a
1575 3287 1842 3363 consule,
1880 3285 2011 3363 quid
2045 3284 2116 3344 de
2147 3286 2223 3343 iis
2259 3305 2421 3347 cen-

394 3381 549 3430 seret
592 3389 737 3449 quae
787 3370 862 3430 de⁴
898 3380 1077 3431 matre
1108 3372 1232 3429 eius
1263 3371 1459 3430 locuta
1491 3388 1662 3429 secus
1705 3378 2079 3447 argueretur,
2124 3371 2416 3439 reticuit;

322 3466 371 3505 ιο
394 3452 522 3511 dein
567 3455 829 3531 proximo
872 3462 1103 3513 senatus
1148 3452 1241 3511 die
1285 3453 1450 3511 illius‘
1478 3471 1706 3532 quoque
1749 3454 1974 3513 nomine
2029 3454 2254 3531 oravit,
2329 3474 2416 3513 ne
