2475 4000
350 197 467 258 154
780 202 787 206 ·
838 199 1174 250 conamen
1210 180 1447 245 noim
1487 165 1854 242 ANRAL'mu

340 363 507 437 citus,
542 359 877 438 Aegyptum
906 364 1001 418 aut
1032 355 1258 414 Suriam
1287 354 1646 428 invasurum,
1683 345 1976 424 fingebant
2005 343 2172 404 simul
2211 361 2360 404 cre-

340 444 686 521 debantque.
760 441 871 500 iam
926 439 1233 499 inventutis
1291 451 1612 510 concursu,
1674 435 1784 492 iam
1835 429 2082 509 publicis
2134 427 2360 488 studiis

228 533 231 536 ’
272 557 321 597 10
340 526 832 606 frequentabatur,
866 524 1055 584 laetus
1086 519 1494 600 praesentibus
1523 528 1582 577 et
1602 518 1848 576 inanium
1869 531 1994 593 spe,
2033 529 2160 572 cum
2181 512 2360 572 audi-

338 623 455 674 tum
482 611 540 670 id
567 611 847 690 Poppaeo
878 607 1127 668 Sabino:
1160 606 1211 665 is
1236 605 1616 665 Macedoniae
1645 597 1760 662 tum
1785 601 2032 658 intentus
2053 597 2360 657 Achaiam

322 714 575 776 ,quoque
605 693 867 754 curabat.
920 693 1093 769 igitur
1116 707 1231 768 quo
1255 706 1395 748 vera
1422 705 1528 748 seu
1551 686 1696 746 falsa
1721 684 1941 759 antiret,
1973 681 2364 742 Toronaeum

340 781 833 857 Thermaeumque
864 778 1045 836 sinum
1088 767 1546 852 praefestinans,
1587 764 1724 830 mo‘x
1770 767 2064 828 Euboeam
2109 765 2361 842 Aegaei

340 865 515 925 maris
560 862 801 922 insulam
846 869 907 920 et
947 859 1210 920 Piraeum
1255 856 1488 916 Atticae
1531 871 1700 930 orae,
1760 852 1892 916 >dein
1935 849 2358 910 Corinthiense

272 970 323 1010 15
341 950 477 1010 litus
512 947 923 1024 angustiasque
956 943 1157 1003 isthmi
1188 941 1405 1009 evadit;
1443 941 1702 1018 marique
1731 937 1845 1007 alio
1871 933 2199 1015 Nicopolim
2222 931 2360 992 Ro-

340 1050 565 1094 manam
592 1030 883 1090 coloniam
921 1029 1258 1105 ingressae,
1299 1025 1379 1084 ibi
1423 1024 1646 1084 demum
1693 1020 1996 1098 cognoscit
2043 1018 2362 1078 sollertius

340 1120 787 1192 interrogatum,
834 1113 1097 1190 quisnam
1129 1110 1315 1186 foret,
1367 1109 1585 1169 dixisse
1614 1107 1689 1167 Μ.
1723 1105 1918 1171 Silano
1953 1103 2249 1180 genitum,
2299 1107 2364 1159 et
2456 1173 2457 1180 ἵ

341 1201 532 1262 multis
563 1206 912 1258 sectatorum
944 1195 1183 1274 dilapsis
1211 1193 1548 1253 ascendisse
1575 1209 1778 1251 navem
1807 1199 2090 1266 tamquam
2121 1185 2361 1246 Italiam

176 1349 187 1352 ,
257 1311 263 1324 ·
344 1291 592 1364 peteret.
643 1281 994 1358 scripsitque
1026 1279 1175 1338 haec
1199 1277 1460 1355 Tiberio,
1491 1293 1684 1354 neque
1704 1291 1814 1334 nos
1837 1273 2123 1348 originem
2148 1271 2376 1330 tinemr

268 1391 323 1430 20
342 1385 415 1425 ve
445 1368 569 1424 eius
597 1367 683 1422 rei
713 1365 861 1422 ultra
896 1363 1300 1441 comperimus.
1543 1369 1552 1380 ‘
1597 1365 1602 1369 ’
2456 1363 2457 1366 ’

271 1453 327 1522 V,
352 1453 401 1505 11
475 1449 533 1508 6.
575 1445 750 1504 Exitu
794 1447 925 1505 anni
968 1445 1063 1504 diu
1108 1453 1274 1504 aucta
1311 1443 1602 1504 discordia
1631 1440 1929 1502 consulum
1961 1439 2171 1517 erupit.
2219 1454 2358 1495 nam
2456 1489 2457 1504 ,

341 1531 502 1606 Trio,
526 1527 717 1590 facilis
736 1528 1113 1606 capessendis
1134 1529 1444 1588 inimicitiis
1461 1536 1518 1587 et
1537 1528 1668 1588 foro
1695 1526 2000 1600 exercitus,
2019 1531 2082 1580 ut
2105 1537 2359 1596 segnem
2456 1563 2457 1574 ,

340 1614 627 1691 Regulum
650 1611 720 1671 ad
742 1611 1156 1690 opprimendos
1182 1612 1375 1671 Seiani
1403 1613 1693 1672 ministros
1727 1609 1964 1687 oblique
1978 1606 2357 1684 ‘perstrinxe-

345 1707 433 1756 rat
449 1697 605 1773 εὔιε,
634 1696 745 1756 nisi
764 1695 1179 1770 lacesseretur,
1204 1696 1526 1754 modestiae
1549 1695 1828 1769 retinens,
1852 1709 1966 1752 non
1979 1689 2160 1748 modo
2175 1695 2358 1746 rettu-

297 1799 324 1837 5
346 1781 425 1839 dit
448 1780 761 1856 coliega‘m,
786 1777 891 1838 sed
912 1787 973 1838 ut
994 1779 1225 1837 noxium
1251 1779 1658 1852 coniurationis
1683 1776 1752 1838 ad
1765 1773 2226 1852 disquisitionem
2241 1781 2354 1830 tra·

344 1863 536 1924 hebat.
575 1862 885 1941 multisque
918 1871 1141 1940 patrum
1166 1861 1462 1922 orantibus
1485 1869 1770 1940 ponerent
1794 1859 1923 1920 odia
1949 1859 2004 1916 in
2030 1857 2356 1936 perniciem
2456 1871 2457 1878 ¹

244 1955 255 1972 ²
344 1955 509 2023 itura,
540 1963 804 2007 mansere
834 1946 1043 2010 infensi
1072 1964 1142 2007 ac
1164 1947 1509 2023 minitantes,
1535 1946 1720 2007 donec
1741 1943 2081 2021 magistratu
2105 1938 2353 2000 abirent.

274 2036 401 2111 vl‚l
468 2033 528 2090 7.
606 2029 710 2091 Cn.
766 2031 1047 2091 Domitius
1122 2040 1183 2090 et
1250 2023 1522 2091 Camillus
1597 2023 2009 2089 Scribonianus
2081 2023 2353 2085 consula-
2456 2040 2457 2095 }

347 2127 461 2174 tum
508 2114 781 2190 inierant,
846 2133 975 2173 cum
1016 2112 1239 2175 Caesar
1281 2114 1546 2175 tramisso
1591 2114 1744 2192 quod
1786 2111 2046 2190 Capreas
2101 2117 2164 2168 et
2219 2110 2354 2167 Sur·
2456 2130 2457 2171 l

344 2206 565 2255 rentum
584 2196 847 2291 ‘interluit
875 2198 1032 2257 freto
1056 2196 1433 2277 'CampanIam
1475 2195 1888 2279 praelegebat,
1935 2192 2243 2270 ambiguus
2283 2208 2354 2249 an
2456 2174 2457 2269 ξ

347 2278 546 2375 utitem
580 2286 847 2353 intraret,
879 2297 1017 2355 seu,
1052 2283 1181 2357 quia
1218 2291 1420 2341 contra
1453 2282 1872 2357 destinaverat,
1917 2278 2182 2358 speciem
2213 2292 2350 2333 ven·

295 2379 322 2417 5
347 2370 455 2458 turi
484 2360 777 2457 simulans.
838 2370 897 2419 et
932 2380 1113 2440 saepe
1144 2365 1203 2421 in
1234 2367 1560 2443 propinqua
1591 2364 1906 2441 degressus
1928 2408 1946 2439 ,
1987 2360 2156 2421 aditis
2189 2360 2345 2417 iuxta
2456 2394 2457 2427 ÷

345 2442 601 2503 Tiberim
640 2444 853 2519 hortis,
897 2461 1039 2502 saxa
1083 2464 1308 2506 rursum
1359 2457 1418 2506 et
1463 2447 1826 2507 solitudinem
1869 2447 2046 2507 mai-is
2090 2442 2343 2522 repetiit,
2456 2448 2457 2457 ’

346 2526 569 2605 pudore
610 2526 900 2585 scelerum
940 2535 1001 2584 et
1041 2525 1360 2606 libidinum,
1402 2525 1610 2607 quibus
1649 2532 1799 2592 adeo
1850 2530 2136 2610 indomitis
2175 2542 2346 2586 exar·
2455 2524 2457 2591 ἑ

346 2618 521 2685 serat,
554 2618 615 2667 ut
642 2626 807 2669 more
834 2609 1004 2684 regio
1035 2610 1250 2687 pubem
1279 2613 1587 2687 ingenuam
1619 2618 1836 2695 stupris
1868 2614 2176 2694 pollueret.
2233 2624 2351 2667 nec
2456 2602 2457 2655 ἒ

344 2691 588 2789 formam
614 2700 829 2751 tantum
858 2700 918 2749 et
946 2690 1163 2753 decora
1194 2693 1479 2773 corpora,
1525 2706 1616 2757 set
1641 2700 1699 2758 in
1727 2700 1818 2759 his
1851 2685 2176 2760 modestam
2211 2710 2352 2773 pne·
2456 2702 2457 2705 ’

277 2782 563 2848 10r1t1am,
622 2774 681 2831 in
734 2774 863 2833 aliis
910 2774 1193 2849 imagines
1253 2779 1528 2840 maiorum
1583 2784 2012 2859 incitamentum
2069 2776 2356 2858 cupidinis
2456 2786 2457 2851 ζ

344 2855 613 2914 hahebat.
687 2864 939 2951 tuncque
978 2858 1221 2935 primum
1279 2863 1477 2939 ignota
1536 2875 1706 2925 antea
1763 2866 2052 2927 vocabula
2119 2869 2358 2942 repertu

344 2946 479 3035 sunt
509 2937 870 3035 sellariorum
904 2948 970 3037 et
993 2942 1358 3019 psintriarum
1389 2964 1466 3006 ex
1494 2948 1774 3010 foeditate
1809 2950 1926 3010 loci
1955 2968 2027 3009 ae
2051 2942 2358 3026 multiplici
2456 2996 2457 2999 ,

346 3028 655 3117 patientum
696 3026 1131 3101 praepositique
1154 3030 1329 3107 servi,
1357 3032 1453 3108 qui
1481 3036 1897 3110 conquirerent
1921 3032 2357 3113 pertraherent,
2456 3018 2457 3029 ’

346 3100 587 3162 donam
620 3114 951 3202 promptos,
983 3109 1163 3169 minas
1198 3111 1506 3173 adversum
1534 3115 1890 3194 abnuentes,
1933 3126 1995 3177 et
2043 3117 2098 3176 si
2143 3114 2356 3174 retine-

276 3200 327 3242 15
344 3190 475 3241 rent
518 3201 875 3281 propinquus
916 3199 1011 3249 aut
1051 3210 1296 3273 parens,
1345 3199 1461 3257 vim
1501 3208 1703 3279 raptus
1755 3218 1978 3280 suaque
2030 3200 2148 3281 ipsi
2197 3197 2358 3258 libita

344 3264 507 3346 velut
534 3284 591 3325 111
627 3279 830 3347 captos
860 3274 1233 3337 exercebant.

291 3348 326 3403 2
390 3431 405 3445 ²
466 3347 525 3408 8.
571 3349 915 3449 Atiiomae·
954 3360 1237 3438 principio
1275 3365 1438 3439 anni,
1481 3368 1646 3441 quasi
1687 3385 1902 3427 recens
1963 3367 2222 3445 cognitis
2273 3364 2358 3424 Li·

346 3448 479 3491 Viae
508 3430 739 3509 flagitas
768 3455 838 3497 ae
868 3457 985 3498 non
1018 3443 1241 3520 pridem
1277 3446 1448 3505 etiam
1465 3450 1720 3527 punitis,
1768 3460 2004 3519 atroces
2033 3449 2360 3511 sententiae
