2475 4000
562 150 568 160 ’
807 183 1015 235 mmm
1035 184 1127 229 Ν.
1154 183 1299 229 CAP.
1324 180 1562 234 36—40.
2060 174 2167 235 131

196 352 299 393 ves
331 344 392 394 et
419 335 562 395 deos
592 336 758 414 ipsos
786 354 1032 413 precor,
1081 335 1192 397 hos
1231 346 1293 396 ut
1332 336 1464 395 mihi
1504 336 1577 396 ad
1608 337 1775 397 linem
1808 351 1988 415 usque
2021 341 2171 399 vitae
2193 362 2241 403 ιο

197 420 439 495 quietam
465 428 524 478 et
543 420 978 495 intellegentem
997 420 1222 479 humani
1246 419 1533 496 divinique
1558 421 1695 479 iuris
1724 431 1967 481 mentem
1996 422 2173 499 duint,

195 500 330 559 illos
361 512 440 579 ut,
474 503 816 581 quando-que
850 520 1231 580 concessere,
1268 520 1393 564 cum
1421 503 1587 562 laude
1621 512 1678 561 et
1707 504 1871 564 bonis
1900 506 2173 566 recorda-

193 585 439 645 tionibus
466 586 620 647 facta
653 587 1060 664 atquefamam
1086 588 1332 647 nominis
1372 588 1485 645 mei
1524 589 1985 665 prosequantur?
2042 606 2172 669 per·

191 669 468 748 stititqne·
495 670 740 749 posthac
775 668 1017 731 secretis
1059 674 1227 731 etiam
1274 670 1635 730 sermonibus
1675 674 1969 748 aspernari
2002 675 2173 734 talem

190 754 276 811 sui
309 754 534 813 cultum.
592 754 747 831 quod
776 754 872 814 alii
900 753 1269 832 modestiam,
1320 754 1508 830 multi,
1542 755 1671 833 quia
1705 752 2016 831 diffideret,
2050 760 2167 836 qui·
2193 778 2239 817 15

191 834 313 895 dam
360 847 421 897 ut
470 838 780 914 degeneris
821 839 989 897 animi
1039 838 1579 917 interpretabantur.
1643 845 1908 917 optumos
1960 842 2174 918 quippe

186 922 512 981 mortalium
560 921 832 982 altissima
874 940 1118 1001 cupere:
1161 925 1249 983 sic
1276 920 1587 981 Herculem
1622 928 1679 981 et
1716 919 1982 981 Liberum
2026 922 2174 1001 apud

187 1002 480 1082 Graecos,
515 1006 808 1079 Quirinum
846 1005 997 1084 apud
1037 997 1146 1065 nos
1191 1006 1359 1065 deum
1398 1021 1635 1065 numero
1673 1004 1925 1066 additos:
1975 1006 2175 1064 melius

75 1094 88 1105 ”
183 1087 528 1165 Augustum,
561 1090 657 1167 qui
681 1090 1020 1169 speraverit.
1073 1098 1270 1149 cetera
1314 1088 1677 1168 principibus
1714 1090 1903 1148 statim
1938 1088 2173 1148 adesse:

183 1188 348 1232 unum
391 1173 788 1233 insatiabiliter
822 1172 1152 1251 parandum,
1183 1190 1525 1252 prosperam
1549 1173 1637 1231 sui
1658 1172 2015 1241 memoriam
2044 1189 2172 1231 nam
2190 1190 2242 1229 20

187 1266 523 1335 contemptu
551 1256 737 1317 famae
770 1260 1054 1326 contemni
1086 1260 1349 1316 virtutes.

293 1342 404 1403 39.
441 1341 520 1399 At
563 1342 802 1401 Seianus
832 1342 1000 1399 nimia
1036 1340 1265 1401 fortuna
1298 1356 1505 1400 socors
1548 1347 1606 1399 et
1634 1339 1893 1399 muliebri
1937 1341 2175 1417 insuper

185 1426 457 1503 cupidine
496 1424 798 1500 incensuS,
842 1426 1183 1503 promissum
1223 1425 1639 1484 matrimonium
1664 1424 1956 1499 flagitante
1993 1422 2171 1498 Livia,

185 1510 480 1587 componit
523 1508 594 1567 ad
641 1507 951 1568 Caesarem
1003 1508 1335 1569 codicillos:
1400 1509 1579 1569 moris
1620 1507 1839 1585 quippe
1883 1515 1995 1566 tum
2049 1513 2174 1564 erat

187 1608 526 1670 quamquam
560 1602 922 1671 praesentem
965 1595 1184 1671 scripto
1229 1593 1409 1653 adire.
1476 1594 1599 1651 eius
1645 1591 1777 1650 talis
1812 1590 1994 1650 forma
2036 1588 2170 1648 fuit:

185 1673 588 1736 benevolentia
631 1678 810 1757 patris
848 1677 1094 1754 Augusti
1137 1686 1196 1736 et
1231 1694 1367 1736 mox
1411 1676 1669 1756 plurimis
1699 1673 1911 1734 Tiberii
1952 1672 2221 1731 iudiciis5

187 1759 261 1818 ita
289 1762 647 1839 insuevisse,
691 1769 752 1819 ut
794 1780 932 1841 spes
961 1770 1212 1839 votaque
1247 1778 1349 1821 sua
1382 1778 1499 1819 non
1530 1762 1689 1839 prius
1728 1758 1799 1817 ad
1834 1756 1977 1817 deos
2010 1774 2176 1834 quam

189 1842 256 1902 ad
289 1846 608 1922 principum
633 1863 804 1905 aures
836 1845 1152 1905 conferret.
1210 1862 1401 1922 neque
1430 1843 1721 1919 fulgorem
1748 1840 2029 1900 honorum
2060 1858 2173 1899 um-

191 1943 356 2003 quam
400 1938 728 2009 precatum:
773 1927 1048 2002 excubias
1092 1946 1162 1987 ac
1206 1927 1474 2002 laboreS,
1520 1934 1580 1983 ut
1612 1940 1781 1981 unum
1820 1942 1853 1981 e
1883 1922 2172 1998 militibus,

189 2027 295 2086 pro
332 2013 726 2074 incolumitate
757 2015 1121 2094 imperatoris
1161 2010 1355 2071 malle.
1414 2027 1484 2068 ac
1506 2018 1693 2068 tamen
1726 2006 1879 2083 quod
1909 2005 2173 2084 pulcher—

181 2095 384 2154 rimum
414 2097 709 2175 adeptum,
740 2108 802 2158 ut
833 2098 1237 2158 coniunctione
1273 2091 1541 2153 Caesaris
1572 2092 1777 2166 dignus
1810 2088 2169 2149 crederetur:
2194 2109 2244 2149 ιο

183 2175 314 2233 hinc
359 2181 576 2238 initium
605 2182 752 2259 spei,
813 2190 871 2240 et
915 2181 1184 2258 quoniam
1216 2176 1496 2237 audiverit
1526 2175 1846 2252 Augustum
1888 2175 1945 2232 in
1979 2170 2174 2232 conlo-

188 2258 377 2320 canda
423 2262 538 2322 filia
577 2281 692 2322 non
725 2263 864 2322 nihil
911 2265 1097 2334 etiam⁵
1123 2263 1195 2322 de
1254 2258 1539 2339 equitibus
1574 2259 1847 2322 Romanis
1894 2254 2173 2316 consulta-

181 2343 338 2400 visse
362 2391 380 2422 ,
421 2345 534 2420 ita,
588 2348 636 2404 si
664 2349 893 2405 maritus
922 2345 1116 2409 Liviae
1159 2353 1571 2425 quaereretur,
1608 2342 1849 2402 haberet
1889 2343 1945 2398 in
1992 2341 2175 2399 animo

179 2428 430 2488 amicum
471 2427 598 2510 sola
630 2430 1066 2490 necessitudinis
1097 2431 1288 2508 gloria
1319 2445 1564 2488 usurum.
1613 2442 1728 2485 non
1770 2426 1917 2482 enim
1962 2439 2177 2485 exuere

181 2512 438 2589 inposita
467 2515 679 2574 munia:
725 2515 864 2574 satis
895 2515 1197 2575 aestimare
1233 2514 1443 2574 firmari
1473 2512 1696 2571 domum
1740 2507 2043 2566 adversum
2070 2505 2170 2564 ini·
2194 2527 2244 2567 15

187 2613 333 2672 quas
379 2598 741 2676 Agrippinae
785 2599 1164 2676 offensiones,
1216 2598 1387 2676 idque
1431 2596 1743 2660 liberorum
1788 2579 1994 2658 ca'usa:
2050 2605 2176 2647 nam

125 2675 132 2680 ’
189 2680 298 2738 sibi
325 2681 557 2752 multum
585 2699 876 2761 superque
907 2684 1058 2744 vitae
1089 2683 1249 2760 fore,
1295 2679 1447 2760 quod
1488 2678 1585 2737 tali
1630 2693 1755 2736 cum
1786 2673 2049 2754 principe
2078 2691 2175 2732 ex·

232 2764 492 2824 levisset.
1470 2765 1479 2771 ”
2101 2777 2110 2788 ·

191 2781 226 2841 p
307 2851 410 2911 40.
451 2847 542 2908 Ad
573 2868 642 2910 ea
673 2849 936 2910 Tiberius
964 2849 1190 2910 laudata
1219 2849 1439 2926 pietate
1467 2844 1659 2905 Seiani
1694 2845 1929 2921 suisque
1960 2843 2015 2900 in
2051 2835 2201 2912 eum,

191 2928 490 2992 beneflciis
513 2933 737 2993 modice
762 2926 1075 3013 percursis,
1100 2950 1225 2992 cum
1249 2939 1473 3008 tempus
1493 2938 1775 3007 tamquam
1799 2926 1870 2986 ad
1896 2927 2177 3002 integram

193 3017 669 3077 consultationem
698 3019 1036 3097 petivisset,
1067 3015 1346 3075 adiunxit:
1391 3015 1602 3072 ceteris
1635 3008 1971 3073 mortalibus
2008 3010 2065 3067 in
2106 3024 2176 3068 eo

192 3107 341 3160 stare
382 3100 650 3179 consilia,
687 3100 819 3181 quid
862 3101 971 3160 sibi
1005 3097 1331 3162 conducere
1357 3105 1586 3176 putent3
1640 3095 1961 3175 principum
1994 3092 2177 3152 diver-

193 3199 307 3242 sam
353 3202 486 3244 esse
532 3196 779 3264 sortem,
828 3185 1033 3264 quibus
1076 3184 1388 3262 praecipua
1428 3198 1617 3239 rerum
1666 3180 1736 3238 ad
1781 3177 1984 3237 famam
2033 3175 2177 3234 deri-
2202 3196 2227 3235 5

192 3268 397 3342 genda.
443 3269 576 3328 ideo
602 3289 666 3329 se
700 3289 814 3330 non
839 3270 975 3329 illuc
1002 3268 1314 3328 decurrere
1340 3263 1493 3344 quod
1518 3271 1843 3342 promptum
1868 3261 2177 3337 rescripta,

193 3366 372 3426 posse
413 3354 598 3431 ipsam
627 3353 839 3414 Liviam
885 3361 1164 3429 statuere,
1208 3347 1531 3409 nubendum
1572 3355 1704 3426 post
1730 3345 1975 3405 Drusum
2012 3361 2081 3402 an
2122 3343 2179 3400 in

193 3435 492 3510 penatibus
549 3437 728 3497 isdem
786 3436 1158 3510 tolerandum¹
1193 3425 1467 3502 haber-en
1521 3449 1654 3492 esse
1699 3430 1782 3490 illi
1840 3437 2078 3574 igztrem
2122 3432 2196 3523 et¹
