2475 4000
1301 13 1314 24 ι
1425 17 1430 24 e
1483 9 1504 23 *ο
1594 4 1598 8 ’
1670 0 1694 22 '¹‘-
1731 0 1739 6 ’
2062 3 2066 8 ’
2082 0 2087 1 ⁷

1409 33 1416 42 ,
1661 25 1668 36 ι
1791 11 1838 49 -s-
1891 41 1896 46 .
1955 39 1958 42 ἢ
2009 25 2016 34 0

1503 44 1511 55 ⁴

456 181 595 257 “322
912 260 915 265 ‚
968 204 1296 252 connnnn
1325 202 1558 252 'raom
1577 170 1942 254 Ἀιιιιᾼιιιυιι

471 357 693 434 bellos,
736 357 939 436 quibus
978 358 1102 418 dies
1130 357 1400 434 genitalis
1440 357 1562 415 eius
1603 364 1664 417 et
1692 364 1966 436 eventura
2009 358 2276 422 secretis
2303 359 2430 420 Pam·

446 442 649 502 -menis
695 441 1160 516 occultabantur,
1218 440 1380 500 simul
1430 439 1681 518 repertis
1707 457 1880 518 quae
1921 440 1994 501 de
2035 449 2175 500 ortu
2225 443 2428 520 vitaque

400 549 453 590 ιι
472 524 685 584 Ostorii
706 524 995 604 Scapulae
1020 525 1340 603 composita
1364 532 1543 598 erant,
1579 521 1780 582 scribit
1801 523 1871 582 ad
1895 524 2229 603 principem
2251 543 2432 602 magna

472 627 539 668 se
580 617 639 666 et
685 626 829 686 quae
869 608 1239 668 incolumitati
1267 608 1390 666 eins
1412 606 1812 667 ‚conducerent
1841 607 2198 684 adlaturum,
2243 610 2294 666 si
2324 609 2428 668 bre·

468 707 598 752 vem
634 691 790 752 exilii
817 693 1041 751 veniam
1070 691 1510 771 inpetravisset:
1545 691 1758 771 quippe
1778 689 2043 751 Anteium
2073 700 2142 750 et
2163 691 2430 751 Ostorium

469 775 743 834 inminere
779 773 953 834 rebus
994 783 1053 834 et
1091 792 1193 834 sua
1235 771 1618 851 Caesarisque
1657 774 1774 834 fata
1809 775 2066 835 scrutari.
2134 776 2292 834 exim
2321 775 2426 833 mis-

468 874 571 918 sae
605 856 921 919 liburnicae
972 857 1382 934 advehiturque
1428 875 1682 936 propere
1715 857 2012 919 Sosianus.
2103 875 2180 918 ae
2212 859 2426 934 vulgato

395 957 451 999 ιο
470 942 593 1000 eius
637 939 846 1000 indicio
891 941 1039 1000 inter
1084 940 1378 1000 damnatos
1419 941 1602 1017 magis
1643 958 1808 1018 quam
1850 942 1999 1000 inter
2031 959 2183 1000 reos
2214 942 2428 1000 Anteius

450 1024 845 1102 Ostoriusque
884 1022 1265 1100 habebantur,
1313 1020 1466 1082 adeo
1509 1031 1570 1081 ut
1619 1033 2016 1084 testamentum
2058 1024 2244 1084 Antei
2283 1042 2422 1083 nemo

417 1132 423 1140 ·
468 1107 831 1184 obsignaret,
882 1107 990 1167 nisi
1031 1107 1348 1183 Tigellinus
1399 1115 1598 1166 auetor
1635 1108 1952 1186 extitisset,
2007 1110 2240 1167 monito
2296 1110 2424 1186 prius

466 1192 679 1250 Anteio
721 1207 795 1250 ne
833 1207 1132 1269 supremas
1174 1189 1396 1249 tabulas
1437 1199 1774 1268 moraretur.
1854 1198 2024 1268 atque
2082 1191 2190 1250 ille
2245 1190 2420 1250 hausto

467 1284 724 1351 veneno,
764 1273 1081 1335 tarditatem
1121 1275 1244 1334 eius
1273 1290 1518 1352 perosus
1558 1273 1844 1332 intercisis
1873 1275 2037 1332 venis
2071 1283 2320 1334 mortem
2345 1272 2422 1331 ad-

395 1373 449 1414 π
460 1357 821 1442 properavit.
954 1417 963 1422 ,

595 1441 691 1500 15.
738 1439 997 1500 Ostorius
1030 1440 1360 1518 longinquis
1402 1441 1456 1500 in
1499 1441 1654 1516 agris
1695 1441 1845 1519 apud
1875 1441 2047 1500 finem
2074 1441 2340 1517 Ligurum
2375 1438 2418 1495 id

464 1523 741 1603 temporis
770 1532 912 1583 erat.
970 1541 1041 1582 eo
1072 1526 1278 1582 missus
1308 1524 1598 1600 centurio,
1642 1525 1738 1602 qui
1773 1524 2009 1587 caedem
2045 1526 2178 1584 eius
2207 1532 2415 1581 matura-

462 1615 572 1666 ret.
630 1623 802 1666 causa
840 1605 1145 1668 festinandi
1189 1624 1266 1665 ex
1299 1623 1370 1666 eo
1412 1606 1735 1683 oriebatur,
1785 1608 1939 1685 quod
1971 1607 2242 1667 Ostorius
2273 1605 2416 1664 multa

462 1689 689 1750 militari
727 1687 875 1748 fama
918 1697 975 1748 et
1015 1689 1252 1748 civicam
1299 1707 1571 1750 coronam
1613 1689 1762 1769 apud
1799 1690 2148 1750 Britanniam
2187 1691 2416 1758 meritus,

417 1791 443 1832 5
462 1774 678 1851 ingenti
712 1773 779 1832 vi
818 1773 1085 1857 eorporis
1114 1789 1508 1851 armorumque
1535 1775 1776 1835 scientia
1799 1783 2007 1833 metum
2033 1772 2255 1832 Neroni
2283 1773 2414 1830 fece·

459 1865 563 1932 rat,
608 1873 681 1915 ne
710 1849 1008 1916 invaderet
1032 1856 1295 1934 pavidum
1327 1874 1560 1935 semper
1593 1865 1650 1916 et
1685 1867 1917 1935 reperta
1955 1874 2147 1934 nuper
2182 1855 2414 1916 coniura-

460 1941 616 2001 tione
668 1940 851 2017 magis
903 1941 1252 2001 exterritum.
1305 1941 1477 2026 igitur
1527 1941 1818 2017 een-turi0,
1868 1939 1966 2000 ubi
2007 1939 2219 2016 effugia
2260 1935 2410 1994 villae

460 2024 726 2100 clausit,
708 2042 863 2086 iussa
883 2026 1226 2103 inperatoris
1253 2017 1485 2091 Ostorio
1505 2025 1712 2103 aperit.
1772 2025 1820 2083 is
1843 2023 2232 2083 fortitudinem
2255 2036 2411 2095 saepe

457 2106 763 2167 adversum
790 2106 990 2167 hostes
1020 2118 1338 2187 spectatam
1365 2110 1422 2167 in
1450 2126 1516 2169 se
1544 2109 1742 2167 vertit:
1777 2116 1835 2166 et
1866 2108 1996 2185 quia
2026 2124 2216 2165 venae
2245 2119 2408 2181 quam-

388 2207 441 2252 ιο
462 2209 626 2269 quam
650 2191 999 2269 interruptae
1024 2210 1218 2270 parum
1243 2192 1534 2268 sanguinis
1557 2189 1940 2265 effundebant,
1970 2188 2250 2249 haetenus
2269 2202 2407 2244 manu

459 2274 613 2332 servi
641 2291 811 2349 usus,
853 2283 913 2334 ut
945 2275 1212 2335 inmotum
1249 2276 1558 2354 pugionem
1591 2271 1935 2351 extolleret,
1975 2272 2269 2351 adpressit
2297 2268 2407 2327 dex-

457 2365 599 2417 tram
628 2358 751 2415 eius
780 2344 1089 2455 iuguloque
1126 2360 1397 2420 occurrit.

587 2440 683 2499 16.
726 2438 913 2499 Etiam
952 2442 999 2500 si
1030 2440 1184 2501 bella
1215 2449 1454 2501 externa
1485 2448 1547 2502 et
1573 2440 1757 2501 obitas
1789 2456 1896 2517 pro
1925 2458 1990 2498 re
2023 2439 2256 2517 publica
2281 2450 2405 2491 mor-

456 2532 546 2583 tes
586 2531 739 2583 tanta
778 2539 1007 2583 casuum
1041 2524 1402 2585 similitudine
1431 2541 1836 2599 memorarem,
1877 2541 2084 2601 meque
2127 2524 2304 2599 ipsum
2333 2532 2401 2573 sa·

454 2608 565 2669 tias
606 2605 863 2686 cepisset
904 2607 1258 2686 aliorumque
1289 2608 1536 2669 taedium
1563 2615 1998 2685 exspectarem,
2043 2603 2296 2683 quamvis
2319 2599 2404 2657 ho-

457 2697 659 2750 nestos
698 2690 903 2749 civium
950 2691 1171 2767 exituS,
1219 2694 1414 2751 tristes
1459 2700 1646 2750 tamen
1686 2698 1744 2749 et
1776 2692 2074 2764 continuos
2122 2698 2400 2787 aspernan-

408 2774 619 2831 stium:
678 2781 734 2833 at
777 2791 925 2833 nunc
964 2775 1235 2853 patientia
1287 2774 1516 2835 servilis
1557 2782 1885 2851 tantumque
1937 2773 2228 2850 sanguinis
2273 2762 2400 2825 domi

456 2855 734 2936 perditum
789 2856 1032 2933 fatigant
1086 2859 1326 2917 animum
1379 2867 1438 2918 et
1485 2858 1762 2918 maestitia
1813 2856 2181 2933 restrIngunt.
2235 2862 2400 2943 neque

454 2938 619 3000 aliam
660 2938 1055 3001 defensionem
1105 2940 1175 3000 ab
1217 2942 1314 3000 iis
1332 2941 1536 3019 quibus
1582 2942 1690 3007 ista
1743 2948 2054 2999 noscentur
2109 2932 2396 3011 exegerim,

456 3039 621 3101 qnam
648 3040 721 3082 ne
750 3022 967 3083 oderim
993 3033 1107 3085 tam
1140 3026 1398 3102 segniter
1432 3033 1761 3103 pereuntes.
1821 3026 1905 3083 ira
1933 3022 2028 3083 illa
2057 3021 2327 3082 numinum
2355 3013 2398 3069 in

452 3124 551 3165 res
586 3106 873 3167 Romanas
912 3091 1045 3185 fuit,
1089 3126 1256 3186 quam
1289 3125 1435 3185 non,
1479 3116 1540 3167 nt
1581 3110 1640 3169 in
1667 3106 1924 3167 cladibus
1951 3107 2290 3166 exercituum
2321 3102 2396 3155 aut
2431 3106 2440 3153 ἶ1

384 3202 437 3244 10
457 3190 784 3267 captivitate
817 3192 1063 3267 urbium,
1106 3192 1288 3251 semel
1323 3190 1475 3251 edito
1516 3192 1758 3253 transire
1789 3190 1943 3251 licet.
2007 3190 2168 3249 detur
2198 3186 2306 3244 hoc
2331 3180 2396 3236 in·
2423 3236 2433 3281 1

424 3272 711 3333 lustrium
748 3275 1001 3335 virorum
1031 3277 1386 3355 posteritati,
1435 3284 1496 3335 ut
1524 3294 1636 3355 quo
1675 3275 1843 3335 modo
1885 3272 2172 3351 exsequiis
2211 3286 2242 3326 a
2281 3278 2434 3361 pro·0

455 3358 631 3416 misca
684 3357 977 3435 sepultura
1032 3368 1402 3437 separantur,
1457 3360 1530 3419 ita
1583 3361 1639 3418 in
1681 3358 1984 3419 traditione
2031 3324 2440 3477 supremorum?t

456 3438 739 3516 accipiant
770 3440 1125 3519 habeantque
1156 3444 1448 3522 propriam
1474 3444 1818 3503 memoriam.
