2475 4000
649 215 858 261 LIBER
885 217 978 264 vl.
1028 183 1188 280 cA'P„
1214 213 1437 270 28—32
1466 165 1640 286 (22-
1650 203 1767 286 26).
1900 273 1911 288 .
2101 211 2222 271 165

230 388 437 432 vorum
473 370 702 443 nomina
747 369 1183 448 praeferebant,
1230 380 1290 429 ut
1340 373 1467 449 quis
1512 373 1905 449 egredientem
1956 376 2221 437 cubiculo

229 455 480 517 Drusum
522 453 882 534 pulsaverat,
926 463 1305 539 exterruerat.
1382 457 1551 515 etiam
1596 475 1697 516 sua
1740 459 1917 519 verba
1964 464 2221 522 centurio
2268 520 2273 525 ,

231 539 507 600 saevitiae
548 539 756 616 plena,
811 547 1094 616 tamquam
1150 540 1484 618 egregium,
1552 559 1847 618 vocesque
1900 544 2221 604 deficientis
2247 571 2293 609 ιο

159 631 164 635 ’
229 624 558 698 adiecerat,
606 624 733 701 quis
777 623 962 703 primo
997 622 1425 700 [alienationem
1467 627 1674 683 mentis
1720 626 2013 706 simulans]
2058 633 2219 706 quasi

229 722 341 788 per
385 707 724 766 dementiam
765 707 991 765 funesta
1023 705 1277 782 Tiberio,
1309 725 1478 784 mox,
1523 707 1619 766 ubi
1669 725 1885 786 exspes
1916 713 2067 770 vitae
2096 713 2219 786 fuit,

225 790 528 851 meditatas
560 792 1026 868 compositasque
1060 791 1214 850 diras
1239 791 1673 870 inprecabatur,
1707 801 1766 851 ut
1796 811 1969 870 quem
2002 795 2071 854 ad
2100 813 2218 854 mo-

227 876 362 936 dum
402 893 599 934 nurum
647 865 937 952 flliumq'ue
979 874 1176 934 fratris
1215 884 1275 933 et
1328 875 1573 953 n‘epotes
1620 877 1959 955 domumque
2001 896 2221 938 omnem

229 957 507 1020 caedibus
549 959 994 1037 complevisset,
1045 959 1121 1018 ita
1170 975 1391 1038 poenas
1432 961 1643 1020 nomini
1687 963 2005 1039 generique
2048 965 2290 1021 maio-15

223 1063 352 1105 rum
384 1051 442 1102 et
472 1045 726 1121 posteris
757 1043 1112 1102 exsolveret.
1168 1041 1555 1103 obturbabant
1584 1044 1810 1122 quidem
1842 1055 2038 1124 patres
2088 1064 2221 1125 spe-

227 1131 322 1189 cie
355 1127 701 1187 detestandi:
726 1126 854 1186 sed
886 1125 1225 1205 penetrabat
1268 1143 1451 1206 pavor
1494 1137 1551 1187 et
1580 1129 1907 1205 admiratio,
1960 1129 2223 1189 callidum

227 1213 368 1273 olim
393 1221 450 1270 et
471 1210 736 1288 tegendis
763 1209 1086 1269 sceleribus
1108 1208 1418 1270 obscurum
1442 1211 1553 1270 huc
1578 1213 1956 1273 confidentiae
1972 1215 2220 1289 venisse,

223 1305 288 1357 ut
318 1306 602 1374 tamquam
633 1295 861 1354 dimotis
895 1294 1210 1372 parietibus
1258 1295 1593 1356 ostenderet
1634 1307 1904 1376 nepotem
1948 1297 2051 1356 sub
2091 1315 2221 1356 ver-

221 1382 372 1442 bere
415 1380 802 1455 centurioniS,
856 1379 1012 1437 inter
1057 1396 1355 1438 servorum
1394 1381 1577 1456 ictus,
1624 1391 1879 1440 extrema
1924 1383 2075 1441 vitae
2120 1381 2291 1440 ali-20

223 1474 419 1538 menta
446 1464 657 1523 frustra
688 1471 962 1521 orantem.

353 1549 453 1611 31.
497 1547 762 1608 Nondum
790 1548 839 1606 is
871 1547 1041 1606 dolor
1070 1548 1441 1627 exoleverat,
1492 1569 1617 1609 eum
1653 1549 1723 1609 de
1756 1549 2082 1630 Agrippina
2114 1555 2286 1610 ειη-25

227 1634 435 1711 ditum,
481 1650 649 1711 quam
689 1631 1000 1691 interfecto
1049 1633 1259 1692 Seiano
1306 1652 1412 1713 spe
1465 1643 1839 1694 sustentatam
1890 1635 2221 1713 provixisse

223 1737 402 1794 reor,
445 1727 503 1776 et
547 1725 847 1796 postquam
890 1717 1028 1776 nihil
1063 1716 1135 1776 de
1181 1720 1421 1778 saevitia
1462 1717 1886 1794 remittebatur,
1928 1718 2223 1778 voluntate

226 1803 599 1878 exstinctam,
643 1802 752 1860 nisi
795 1802 842 1859 si
881 1803 1110 1877 negatis
1165 1801 1446 1861 alimentis
1497 1801 1867 1860 adsimulatus
1928 1812 2017 1861 est
2072 1803 2221 1876 finis,

227 1889 326 1966 qui
372 1885 664 1946 videretur
705 1894 913 1964 sponte
955 1893 1229 1963 sumptus.
1309 1887 1603 1944 enimvero
1650 1883 1914 1944 Tiberius
1952 1885 2217 1944 foedissi-
2245 1908 2269 1946 5

223 1972 336 2031 mis
368 1969 850 2031 criminationibus
883 1971 1120 2045 exarsit,
1153 1968 1559 2047 impudicitiam
1591 1983 1841 2045 arguens
1871 1976 1931 2026 et
1966 1969 2230 2027 Asinium

225 2054 452 2116 Gallum
485 2054 828 2129 adulterum,
873 2056 1112 2132 eiusque
1161 2062 1349 2112 morte
1392 2052 1463 2112 ad
1502 2050 1751 2111 taedium
1792 2053 1947 2111 vitae
1988 2052 2224 2128 conpul-

225 2156 370 2198 sam.
437 2138 539 2195 sed
566 2136 890 2215 Agrippina
923 2138 1091 2213 aequi
1121 2136 1439 2217 inpatienS,
1486 2134 1821 2195 dominandi*
1850 2134 2046 2213 avida,
2096 2136 2223 2193 viri-

224 2220 382 2279 libus
426 2221 576 2279 curis
614 2219 948 2279 feminarum
989 2220 1126 2279 vitia
1167 2230 1469 2280 exueraw
1496 2220 1704 2280 eodem
1750 2219 1843 2279 die
1876 2220 2223 2292 defunctam,

229 2320 348 2382 quo
390 2302 617 2362 biennio
667 2312 798 2362 ante
840 2304 1080 2363 Seianus
1123 2321 1345 2383 poenas
1400 2305 1638 2381 luisset,
1689 2306 2119 2383 memoriaeque
2168 2302 2295 2361 idio

225 2386 588 2469 prodendum
647 2386 855 2446 addidit
910 2384 1156 2465 Caesar,
1221 2391 1569 2468 iactavitque
1632 2387 1786 2467 quod
1841 2406 1957 2449 non
2016 2389 2224 2465 laqueo

223 2471 584 2548 strangulata
630 2488 820 2550 neque
859 2473 918 2531 in
960 2471 1267 2533 Gemonias
1311 2476 1577 2553 proiecta
1615 2472 1788 2531 foret.
1856 2481 2021 2531 actae
2066 2470 2139 2529 ob
2169 2470 2226 2529 id

223 2565 430 2634 grates
465 2555 877 2633 decretumque
920 2565 982 2617 ut
1028 2558 1279 2636 quintum
1336 2558 1635 2618 decumum
1686 2556 1801 2620 kal.
1856 2555 2223 2629 Novembris,

221 2641 525 2718 utriusque
553 2640 716 2699 necis
745 2639 871 2716 die,
913 2658 1020 2719 per
1051 2644 1234 2701 omnis
1266 2660 1446 2703 annos
1476 2641 1684 2701 donum
1722 2640 1846 2699 Iovi
1880 2645 2222 2699 sacraretur.

351 2723 453 2784 32.
495 2723 658 2783 Haud
699 2724 874 2783 multo
915 2735 1052 2802 post
1078 2724 1367 2785 Cocceius
1398 2708 1627 2800 Nerh,
1674 2725 1975 2784 continuus
2006 2724 2295 2801 princi-26
2329 2748 2343 2759 x

221 2810 352 2891 pis,
385 2810 570 2868 omnis
595 2808 766 2867 divini
795 2807 1134 2887 humanique
1162 2811 1564 2881 iuris⁴sciens,‘
1600 2809 1828 2885 integro
1870 2811 2055 2882 statu,
2100 2822 2225 2865 cor-

223 2910 375 2975 pore
417 2893 674 2970 inlaeso,
719 2893 1002 2952 moriendi
1053 2892 1355 2956 consilium
1410 2896 1585 2973 cepit.
1668 2892 1820 2971 quod
1884 2901 1944 2951 ut
1994 2889 2227 2950 Tiberio

225 2979 541 3055 cognitum,
575 2976 862 3052 adsidere,
895 2994 1101 3037 causas
1132 2978 1469 3055 requirere,
1514 2977 1728 3037 addere
1776 2992 2021 3056 preces,
2064 2973 2229 3032 fateri

223 3070 529 3143 postremo
557 3079 742 3139 grave
775 3061 1192 3135 conscientiae,
1231 3079 1414 3137 grave
1447 3062 1635 3121 famae
1667 3078 1827 3135 suae,
1862 3061 1909 3119 si
1932 3058 2227 3138 proximus
2254 3082 2279 3120 5

225 3148 540 3207 amicorum
569 3145 740 3205 nullis
779 3144 1060 3205 moriendi
1101 3144 1417 3205 rationibus
1460 3146 1635 3205 vitam
1680 3144 1930 3220 fugeret.
2002 3158 2229 3201 aversa-

225 3240 319 3290 tus
361 3246 689 3289 sermonem
729 3228 925 3299 Nerva
957 3229 1362 3289 abstinentiam
1406 3228 1882 3288 cibi*coniunxit.
1966 3224 2255 3287 ferebant,
2286 3234 2304 3245 ⁸

225 3314 394 3393 gnari
441 3315 858 3391 cogitationum
899 3314 1050 3390 eiuS,
1101 3320 1313 3391 quanto
1354 3313 1597 3391 propius
1634 3312 1782 3371 mala
1826 3312 1913 3370 rei
1964 3310 2233 3390 publicae

227 3400 467 3474 viseret,
491 3400 575 3457 ira
605 3408 662 3457 et
697 3408 867 3475 metu,
897 3397 1028 3457 dum
1056 3399 1307 3475 integer,
1340 3395 1467 3456 dum
1496 3398 1886 3475 intemptatus,
1932 3396 2232 3456 honestum

225 3484 400 3543 linem
431 3482 710 3541 voluisse.
807 3504 814 3513 ·
1460 3520 1475 3529 -
2258 3498 2307 3539 ιο
