2475 4000
620 239 832 288 mmtn
851 241 946 288 v1.
981 242 1132 298 οη.
1157 239 1383 296 23——23
1413 228 1711 314 (ιτ-22).
1970 267 1979 276 ,
2066 231 2185 294 163
2280 272 2307 284 -

180 397 481 473 herentnr,
506 396 604 456 nbi
623 397 902 458 fluitantia
931 407 1027 458 aut
1043 398 1186 476 ripis
1201 396 1445 474 adpulsa
1462 414 1575 457 non
1594 415 1853 460 cremare
1866 401 2184 479 quisquam,

180 483 693 563 noncontingere=
754 482 1130 541 interciderat
1166 482 1341 541 sortis
1382 481 1661 541 humanae
1694 487 2095 544 commercium
2127 485 2185 542 vi

181 575 386 642 metus,
423 575 806 644 quantumque
837 567 1077 626 saevitia
1112 565 1415 642 glisceret,
1448 567 1741 626 miseratio
1775 569 2097 628 arcebatur.

311 649 411 710 26.
455 649 574 709 Sub
605 649 1014 730 idem-tempus
1054 648 1228 718 Gaius
1262 648 1513 726 Caesar,
1560 649 1875 710 discedenti
1910 651 2252 730 Capreaszo

181 752 293 795 avo
327 751 546 811 comes,
575 731 899 810 Claudiam,
931 735 1008 795 M.
1043 733 1222 792 Silani
1254 733 1453 810 liliam,
1488 735 1763 811 coniugio
1794 739 2053 814 accepit,
2082 740 2181 795 im·
2266 791 2275 810 „

177 837 406 879 manem
452 818 693 878 animum
736 817 984 878 subdola
1027 817 1311 900 modestia
1356 828 1600 894 tegens,
1657 835 1773 878 non
1824 819 2181 890 damnatione

177 905 396 980 matris,
427 920 543 964 non
575 903 750 961 exitio
783 904 1018 962 fratrum
1047 910 1216 981 rupta
1246 904 1438 970 voce3‘
1473 903 1701 980 qualem
1731 903 1880 962 diem
1921 903 2183 963 Tiberius

177 987 478 1062 induisset,
510 987 634 1065 pari
662 984 876 1063 habitu,
907 985 1054 1046 haud
1089 985 1321 1045 multum
1363 985 1703 1048 distantibus
1746 988 1961 1047 verbis.
2030 987 2179 1046 unde
2202 1003 2226 1041 5

175 1089 317 1133 mox
339 1072 541 1130 scitum
565 1070 824 1129 Passieni
850 1071 1098 1131 oratoris
1125 1069 1336 1146 dictum
1360 1071 1741 1150 percrebruit,
1773 1089 1963 1151 neque
1986 1072 2181 1130 melio·
2252 1108 2345 1183 §s

177 1173 302 1215 rem
343 1171 607 1233 umquam
639 1171 871 1214 servum
899 1171 1090 1232 neque
1123 1154 1473 1214 deteriorem
1498 1153 1783 1216 dominum
1812 1156 2013 1216 fuisse.
2460 1116 2469 1198 Ῑ

306 1238 440 1299 Non
471 1239 761 1298 omiserim
807 1239 1175 1317 praesagium
1215 1237 1432 1298 Tiberii
1474 1238 1547 1299 de
1594 1241 1801 1300 Servio
1844 1239 2025 1301 Galba
2068 1247 2180 1298 tum

181 1322 455 1392 consule;
489 1341 656 1402 quem
691 1324 936 1382 accitum
967 1332 1024 1381 et
1051 1321 1303 1382 diversis
1344 1323 1703 1385 sermonibus
1738 1331 2181 1405 pertemptatum

179 1416 477 1489 postremo
522 1405 763 1467 Graecis
803 1405 1100 1466 verbissin
1155 1406 1303 1466 hanc
1355 1411 1695 1480 sententiam
1746 1409 2046 1470 adlocutus
2082 1415 2251 1469 ‘estw

171 1493 195 1530 ⁸
219 1502 277 1552 et
325 1501 416 1568 tu,
460 1485 674 1567 Galba,
721 1490 1066 1569 quandoque
1107 1489 1442 1567 degustabis
1480 1494 1836 1571 imperium·,’
1882 1510 2069 1552 seram
2114 1511 2184 1552 ac

174 1577 418 1636 brevem
470 1574 786 1655 potentiam
843 1575 1206 1653 significans,
1256 1578 1497 1637 scientia
1552 1577 1974 1638 Chaldaeorum
2027 1579 2181 1654 artis,

178 1662 342 1723 cuius
372 1659 726 1740 apiscendae
761 1661 936 1720 otium
968 1660 1118 1740 apud
1144 1659 1429 1738 Rhodum,
1460 1663 1795 1740 magistrum
1820 1656 2181 1722 Thrasullum

175 1744 395 1819 habuit,
427 1746 690 1824 peritiam
720 1745 844 1804 eius
874 1743 990 1804 hoc
1017 1744 1188 1805 modo
1220 1755 1519 1824 expertus.

298 1828 402 1890 27.
451 1829 734 1904 Quotiens
769 1845 946 1908 super
976 1829 1074 1889 tali
1104 1832 1342 1906 negotio
1376 1829 1761 1906 consultaret,
1798 1830 1949 1890 edita
1982 1788 2181 1891 domus
2194 1833 2251 1888 21

176 1923 343 2005 parte
376 1931 446 1974 ac
477 1913 670 1974 liberti
704 1915 867 1973 unius
899 1914 1255 1974 conscientia
1288 1912 1571 1972 utebatur.
1628 1914 1679 1971 is
1708 1913 2040 1974 literarum
2023 1931 2181 1990 igna-

172 2016 294 2076 rus,
329 2017 604 2079 corpore·
614 1998 844 2075 valido,
884 2016 991 2078 per
1019 2001 1146 2057 avia
1180 2014 1251 2057 ac
1285 1995 1526 2075 derupta
1573 1995 1735 2095 (nam
1783 1999 1939 2056 saxis
1981 1998 2182 2057 domus

172 2084 459 2161 imminet)
494 2082 759 2161 praeibat
789 2098 938 2159 eum,
973 2083 1132 2140 cuius
1167 2089 1350 2140 artem
1380 2081 1637 2159 experiri
1661 2080 1929 2140 Tiberius
1955 2082 2180 2140 statuis·

175 2174 288 2242 set,
329 2175 385 2223 et
404 2165 877 2241 regredientem,
921 2167 968 2224 si
999 2165 1268 2224 vanitatis
1296 2174 1391 2226 aut
1419 2164 1680 2225 fraudum
1712 2166 1955 2243 suspitio
1991 2166 2174 2224 inces-
2202 2187 2227 2225 5

178 2257 355 2323 serat,
387 2249 443 2308 in
473 2248 792 2308 subiectum
823 2265 982 2307 mare
1013 2248 1473 2325 praecipitabat,
1524 2268 1597 2309 ne
1647 2250 1822 2310 index
1852 2251 2044 2309 arcani
2081 2267 2179 2307 ex·

174 2333 430 2394 sisteret.
491 2332 666 2409 igitur
698 2329 1036 2391 Thrasullus
1063 2330 1248 2391 isdem
1292 2332 1530 2411 rupibus
1570 2333 1833 2394 inductus
1876 2344 2181 2414 postquam

170 2424 620 2499 percontantem
665 2426 1073 2493 commoverat,
1107 2417 1407 2496 imperium
1441 2419 1551 2499 ipsi
1583 2427 1641 2478 et
1683 2419 1867 2479 futura
1904 2420 2182 2479 sollerter

171 2500 571 2583 patefaciens,
601 2500 994 2577 interrogatur
1035 2518 1106 2561 an
1149 2518 1307 2561 suam
1354 2519 1583 2581 quoque
1630 2503 1940 2580 genitalem
1982 2502 2180 2566 horam

176 2588 596 2664 comperisset,
646 2600 816 2662 quem
849 2594 963 2645 tum
1005 2583 1239 2662 annu'm,
1289 2586 1514 2664 qualem
1560 2587 1707 2648 diem
1748 2586 2009 2646 haberet.
2078 2586 2176 2645 ille
2204 2602 2251 2641 ιο
2293 2636 2303 2645 .

111 2714 126 2727 ,
173 2671 402 2751 positus
431 2669 680 2729 siderum
711 2686 780 2728 ac
813 2668 994 2748 spatia
1027 2669 1315 2729 dimensus
1344 2672 1589 2731 haerere
1642 2671 1854 2751 primo,
1902 2670 2034 2730 dein
2081 2687 2179 2747 pa-

168 2770 445 2831 vescere,
484 2763 542 2814 et
575 2760 844 2831 quantum
875 2755 1317 2834 introspiceret,
1367 2757 1553 2831 magis
1593 2774 1661 2815 ac
1701 2758 1887 2833 magis
1923 2753 2181 2833 trepidus

171 2838 564 2899 admirationis
596 2847 654 2896 et
684 2846 901 2914 metus,
935 2848 1234 2915 postremo
1264 2840 1551 2900 exclamat
1588 2839 1913 2917 ambiguum
1956 2838 2067 2898 sibi
2113 2856 2181 2897 ac

168 2940 361 3003 prope
407 2923 659 2982 ultimum
707 2921 1015 2981 discrimen
1060 2925 1294 2983 instare.
1376 2932 1519 2983 tum(
1540 2924 1879 3004 complexus
1923 2943 2055 2998 euni
2088 2921 2179 2981 Ti-

165 3008 368 3068 berius
409 3006 734 3087 praescium
777 3006 1169 3085 periculorum
1210 3010 1269 3066 et
1322 3007 1667 3068 incolumem
1720 3009 1848 3070 fore
1899 3016 2178 3085 gratatur,
2204 3026 2252 3065 ιε,

170 3108 438 3173 quaeque
479 3092 704 3157 dixerat
757 3090 939 3150 oracli
983 3092 1115 3149 vice
1159 3091 1459 3170 accipiens
1494 3094 1645 3153 inter
1690 3094 1923 3167 intimos
1967 3093 2177 3183 amico-

77 3178 96 3187 ’
165 3194 293 3238 rum
333 3182 533 3237 tenet.

296 3260 398 3323 28.
445 3259 564 3321 Sed
605 3258 742 3319 mihi
783 3258 930 3319 haec
969 3278 1041 3319 ac
1091 3260 1227 3319 talia
1268 3259 1513 3320 audienti
1556 3264 1612 3320 in
1645 3262 1871 3321 incerto
1906 3259 2249 3321 iudicium22

169 3354 279 3421 est,
309 3345 506 3407 fatone
545 3361 643 3404 res
683 3343 1003 3403 mortalium
1047 3353 1104 3403 et
1145 3347 1497 3405 necessitate
1536 3344 1871 3406 immutabili
1911 3362 1979 3405 an
2022 3344 2175 3403 forte

168 3391 493 3490 volvantur.
575 3429 794 3507 quippe
849 3430 1311 3507 sapientissimos
1366 3440 1628 3491 veterum
1689 3432 1899 3509 quique
1950 3435 2175 3490 sectam

170 3530 376 3577 eorum
408 3511 763 3574 aemulantur
794 3510 1064 3575 diversos
1109 3515 1403 3594 reperias,
1450 3534 1521 3576 ac
1564 3516 2005 3661 mum1⁸1¹1=¹sstam
2048 3512 2173 3592 opi-
