2475 4000
732 241 940 306 LIBER
969 241 1119 286 xm.
1154 239 1306 288 οΑΡ.
1332 193 1534 292 6—12.
2005 232 2132 293 229

157 397 383 457 Insteius
435 393 509 455 ab
550 395 837 457 Ummidio
884 396 1124 471 missus,
1185 395 1340 454 forte
1383 397 1579 474 priore
1627 396 1697 455 de
1754 413 1926 456 causa
1974 399 2128 458 adito

155 498 298 556 rege.
351 479 509 558 quod
534 489 836 558 postquam
863 475 1178 539 Corbuloni
1204 479 1495 555 cognitum
1517 487 1624 556 est,
1658 480 1743 538 ire
1773 480 2128 558 praefectum

156 564 390 624 cohortis
436 563 665 624 Arrium
698 565 913 623 Varum
967 571 1025 621 et
1072 563 1408 641 reciperare
1466 561 1700 623 obsides
1751 562 1927 622 iubet.
1994 566 2127 629 hinc

154 655 315 707 ortum
344 649 495 706 inter
524 647 883 726 praefectum
908 655 965 705 et
995 647 1388 706 centurionem
1414 647 1657 723 iurgium
1689 663 1764 705 ne
1797 646 2000 708 diutius
2029 669 2124 709 ex·
2147 677 2199 717 10
2292 660 2299 668 '

152 733 307 790 ternis
350 731 694 809 spectaculo
737 739 927 808 esset,
973 728 1266 790 arbitrium
1305 731 1392 790 rei
1440 729 1734 790 obsidibus
1778 730 2124 810 legatisque,

154 816 234 892 qui
280 833 384 875 eos
434 814 750 892 ducebant,
801 817 1160 893 permissum.
1224 824 1399 893 atque
1427 815 1511 873 illi
1543 820 1806 892 propter
1833 823 2127 874 recentem

148 899 402 976 gloriam,
448 908 505 958 et
539 899 909 976 inclinatione
937 898 1177 976 quadam
1209 901 1379 958 etiam
1408 897 1687 973 hostium,
1738 895 2127 957 Corbulonem

149 983 480 1060 praetulere.
544 980 693 1042 unde
736 979 1023 1042 discordia
1075 985 1223 1041 inter
1263 982 1474 1057 duceS,
1519 988 1796 1059 querente
1843 981 2126 1041 Ummidio

150 1077 439 1145 praerepta
477 1084 623 1144 quae
656 1067 771 1126 suis
806 1065 1063 1125 consiliis
1086 1067 1454 1143 patravisset,
1485 1073 1736 1123 testante
1763 1073 1959 1124 contra
1985 1063 2196 1130 Cor-15

148 1149 336 1210 bulone
380 1168 501 1210 non
540 1152 698 1229 prius
754 1165 1099 1209 conversum
1141 1165 1345 1224 regem
1389 1147 1462 1207 ad
1509 1145 1842 1206 offerendos
1895 1145 2127 1206 obsides

149 1251 292 1310 quam
329 1237 465 1312 ipse
516 1233 630 1292 dux
668 1233 829 1292 bello
866 1232 1127 1291 delectus
1170 1249 1309 1308 spes
1341 1233 1463 1289 eius
1509 1229 1580 1290 ad
1624 1238 1831 1288 metum
1866 1238 2126 1289 mutaret.

147 1315 283 1376 Nero
315 1335 431 1395 quo
464 1323 845 1390 componeret
882 1315 1183 1390 diversos,
1214 1317 1302 1372 sic
1333 1314 1595 1389 evulgari
1627 1313 1820 1372 iussit:
1860 1312 1933 1370 ob
1959 1331 2057 1371 res
2094 1331 2125 1372 a

149 1399 421 1467 Quadrato
474 1405 531 1454 et
574 1394 911 1455 Corbulone
939 1414 1226 1473 prospere
1257 1404 1459 1468 gestas
1501 1395 1716 1453 laurum
1743 1395 2000 1454 fascibus
2028 1397 2124 1454 im·

149 1480 437 1553 peratoriis
470 1478 619 1537 addi.
686 1471 829 1555 quae
858 1481 917 1536 in
949 1477 1097 1537 alios
1128 1477 1402 1535 consules
1431 1493 1672 1552 egressa
1706 1479 1992 1538 coniunxi.
2142 1508 2194 1548 20

250 1561 342 1621 10.
387 1561 616 1620 Eodem
670 1577 818 1620 anno
868 1558 1084 1619 Caesar
1132 1559 1386 1636 effigiem
1431 1556 1535 1619 Cn.
1575 1560 1826 1621 Domitio
1877 1563 2024 1640 patri
2071 1573 2126 1624 et

150 1644 475 1726 consularia⁴
502 1646 751 1720 insignia
797 1643 1054 1702 Asconio
1087 1641 1378 1721 Labeoni,
1420 1660 1534 1722 quo
1578 1652 1768 1703 tutore
1810 1663 1944 1703 usus
1978 1655 2123 1724 erat,

150 1729 329 1804 petivit
360 1747 393 1788 a
428 1736 661 1795 senatu3
698 1726 922 1803 sibique
954 1733 1169 1786 statuas
1204 1735 1449 1803 argento
1479 1727 1576 1785 vel
1606 1746 1745 1788 auro
1777 1727 1994 1788 solidas
2026 1727 2124 1788 ad-

147 1827 325 1870 versus
357 1811 675 1871 offerentes
706 1809 1032 1889 prohibuit.¹
1082 1818 1139 1868 et
1161 1827 1500 1888 quamquam
1525 1812 1884 1870 censuissent
1906 1821 2122 1888 patres,

147 1902 194 1951 ut
220 1895 561 1973 principium
592 1896 721 1954 anni
754 1895 1041 1972 inciperet
1068 1911 1268 1952 mense
1292 1890 1631 1966 Decembri,
1665 1911 1779 1970 quo
1811 1903 1971 1952 ortus
2001 1905 2123 1955 erat
2146 1915 2173 1952 5

147 1975 305 2056 Nero,
335 1987 601 2039 veterem
628 1978 975 2054 religionem
997 1975 1368 2037 kalendarum
1389 1974 1776 2035 Ianuariarum
1799 1975 2144 2058 inchoando·

149 2078 273 2121 anno
314 2064 568 2123 retinuit.
638 2080 828 2139 neque
868 2063 1091 2140 recepti
1134 2068 1263 2119 sunt
1303 2062 1452 2118 inter
1490 2074 1629 2117 reos
1668 2057 1906 2118 Carinas
1950 2058 2128 2119 Celer

149 2156 390 2224 senator,
440 2163 613 2205 servo
659 2155 1003 2220 accusante,
1052 2152 1147 2203 aut
1192 2143 1370 2203 Iulius
1414 2140 1641 2201 Densus
1685 2151 1988 2220 equester,
2033 2147 2123 2202 cui

146 2227 290 2289 favor
322 2234 381 2290 in
410 2230 796 2289 Britannicum
830 2228 1047 2287 crimini
1078 2225 1335 2287 dabatur.

260 2315 355 2374 11.
401 2313 642 2374 Claudio
673 2312 909 2371 Nerone
950 2310 1012 2370 L.
1063 2310 1313 2369 Antistio
1351 2308 1680 2370 consulibus
1725 2327 1851 2368 cum
1892 2311 1949 2368 in
1995 2319 2121 2371 acta

152 2396 454 2478 principum
495 2400 749 2457 iurarent
788 2397 1181 2472 magistratus,
1231 2396 1288 2453 in
1337 2412 1437 2453 sua
1480 2399 1607 2452 acta
1649 2392 1935 2469 collegam
1963 2394 2120 2453 Anti-

49 2522 51 2530 .
148 2481 291 2540 stium
321 2484 513 2542 iurare
543 2480 869 2559 prohibuit,
911 2481 1133 2556 magnis
1163 2488 1386 2557 patrum
1424 2475 1714 2552 laudibus),
1755 2485 1813 2534 ut
1857 2477 2123 2535 iuvenilis

49 2589 100 2627 ir.
150 2566 346 2625 animus
390 2566 604 2626 levium
649 2581 883 2642 quoque
930 2580 1119 2623 rerum
1158 2562 1349 2638 gloria
1393 2559 1648 2619 sublatus
1687 2559 1938 2617 maiores
1986 2575 2122 2618 con-

48 2653 106 2711 zdr
170 2646 391 2709 'naar-et.
459 2658 774 2725 secutaque
803 2647 1010 2708 leuitas
1039 2648 1096 2705 in
1127 2645 1404 2706 Plautium
1433 2642 1801 2717 Lateranum,
1848 2659 2017 2719 quem
2048 2640 2122 2700 ob
2146 2665 2174 2704 5

170 2734 172 2737 ⁴
210 2730 469 2793 ulterium
494 2731 845 2794 Messalinae
887 2731 1091 2790 ordine
1120 2730 1405 2789 demotum
1435 2726 1680 2786 reddidit
1709 2728 1958 2801 senatui,
2005 2724 2122 2785 cle-

229 2817 398 2877 ntiam
430 2834 588 2876 suam
624 2816 995 2891 obstringens
1024 2814 1249 2873 crebris
1280 2810 1669 2887 orationibuS,
1702 2826 1844 2887 quas
1874 2809 2122 2883 Seneca,

48 2916 179 2977 amqu
230 2900 497 2960 tificando
539 2916 707 2977 quam
750 2900 993 2958 honesta
1038 2898 1440 2979 praeciperet,
1483 2895 1579 2954 vel
1608 2892 1856 2954 iactandi
1886 2891 2124 2968 ingenii,

252 3001 282 3041 e
312 2984 595 3063 principis
622 2981 916 3059 vulgabat.

48 3090 59 3128 ι
94 3082 196 3126 mo·
258 3067 352 3126 12.
404 3067 669 3127 Ceterum
713 3066 979 3144 infracta·
1012 3062 1283 3141 paulatim
1330 3064 1585 3141 potentia
1628 3063 1824 3119 matris
1881 3058 2123 3137 delapso

48 3149 191 3211 :soli·
257 3166 369 3211 one
408 3148 749 3213 in'amorem
782 3149 1055 3223 libertae,
1104 3149 1192 3206 cui
1222 3145 1566 3206 vocabulum
1593 3144 1743 3203 Acte
1781 3144 1915 3219 fuit,
1960 3140 2124 3201 simul

46 3240 169 3300 iaret
278 3238 447 3314 mptis
484 3238 542 3295 in
586 3234 994 3313 conscientiam
1024 3229 1108 3291 M.
1147 3229 1376 3290 Othone
1411 3237 1470 3288 et
1510 3226 1751 3288 Claudio
1777 3227 2123 3301 Senecione,

250 3318 584 3380 lescentulis
615 3318 869 3393 decoris,
907 3333 1148 3394 quorum
1167 3313 1318 3373 Otho
1351 3312 1566 3372 familia
1598 3310 1908 3386 consulari,
1947 3309 2124 3369 Sene·

264 3402 473 3463 liberto
506 3402 775 3464 Caesaris
805 3408 969 3481 patre
999 3402 1248 3477 genitus.
1296 3399 1498 3474 ignara
1521 3403 1725 3469 matre,
1759 3393 1891 3454 dein
1914 3393 2125 3453 frustra
2148 3414 2176 3455 5

220 3486 462 3565 nitente,
505 3487 735 3566 penitus
765 3488 1091 3563 inrepserat
1127 3501 1231 3562 per
1263 3482 1457 3541 luxum
1491 3488 1548 3539 et
1579 3478 1842 3554 ambigua
1879 3484 2127 3553 secreta,

234 3787 254 3815 Ι
