2475 4000
331 191 415 252 54
818 199 1148 248 commnu
1184 198 1420 246 mern
1459 193 1824 244 nummum

648 306 661 336 t
1222 335 1227 340 .

336 358 533 418 Flacci
554 349 837 414 sententia
864 354 1171 413 constituti.
1230 352 1380 412 dona
1395 351 1553 428 Iovi,
1576 351 1774 425 Marti,
1806 348 2207 425 Concordiae,
2243 357 2340 408 ut-

336 459 446 520 que
474 439 660 498 iduum
690 435 1110 515 Septembrium
1140 436 1291 512 dies,
1333 452 1445 513 quo
1476 433 1712 495 se,Libo
1741 435 2150 508 interfecerat,
2199 432 2346 492 dies

334 525 521 583 festus·
547 521 889 597 haberetur,
920 519 984 580 L.
1020 519 1165 581 Piso
1196 529 1254 580 et
1274 518 1470 581 Gallus
1492 518 1740 578 Asinius·
1761 527 1820 578 et
1848 517 2058 599 Papius
2086 517 2342 577 Mutilus

338 616 395 666 et
433 606 496 666 L.
526 605 819 684 Apronius
858 604 1206 673 decrevere3
1255 621 1494 681 quorum
1533 604 1904 664 auctoritates
1935 601 2342 662 adulationes·

270 704 321 745 ιο
340 708 450 768 que
482 689 704 764 rettuli,
740 698 799 746 ut
834 688 1081 746 sciretur
1100 696 1268 747 vetus
1295 687 1352 746 id
1383 687 1439 746 in
1461 705 1528 746 re
1551 686 1781 766 publica
1799 686 2026 745 malum.
2082 684 2252 744 facta
2282 693 2348 743 et

275 811 287 829 .
338 775 411 834 de
451 772 861 832 mathematicis
904 773 1201 849 magisque
1245 769 1409 830 Italia
1443 770 1728 848 pellendis
1760 779 1994 830 senatus
2028 767 2340 836 consulta:

256 921 272 928 ,
341 875 579 936 quorum
616 874 647 914 e
689 872 922 914 numero
964 854 1025 915 L.
1058 854 1346 914 Pituanius
1375 872 1518 913 saxo
1549 854 1806 913 deiectus
1832 856 1956 929 est,
1989 855 2046 912 in
2077 851 2141 911 P.
2173 851 2343 912 Mar·

262 991 267 1008 ,
340 944 485 1001 cium
528 939 797 1000 consules
838 947 999 997 extra
1038 937 1674 1016 portam'Esquilinam‚
1721 955 1846 997 cum
1881 937 2192 998 classicum
2237 955 2342 996 ca-

338 1044 479 1085 nere
507 1025 837 1098 iussissent,
866 1039 1027 1080 more
1058 1021 1254 1100 prisco
1289 1021 1612 1081 advertere.
1835 1039 1860 1050 ,
1959 1063 1966 1067 .
2074 1017 2084 1034 ⁴
2160 1027 2164 1032 ’

462 1109 561 1168 33.
610 1106 877 1166 Proximo
916 1115 1147 1165 senatus
1190 1105 1284 1165 die
1325 1105 1496 1164 multa
1535 1107 1594 1164 in
1633 1105 1825 1164 luxum
1867 1105 2115 1163 civitatis
2169 1103 2344 1162 dicta

339 1211 371 1252 a
413 1192 485 1266 Q.
524 1190 757 1250 Haterio
806 1189 1147 1265 consulari‚'
1181 1188 1420 1249 Octavio
1453 1189 1745 1248 Frontone
1783 1197 2050 1266 praetura
2081 1187 2340 1254 iunctm

338 1276 741 1351 decretumque
788 1291 859 1332 ne
900 1292 1038 1333 vasa
1088 1292 1227 1348 auro
1271 1273 1455 1333 solida
1493 1272 1874 1332 ministrandis
1919 1271 2064 1332 cibis
2093 1271 2338 1347 fierent,

338 1377 409 1417 ne
459 1358 637 1414 vestis
667 1358 854 1416 serica
882 1359 1038 1416 viros
1067 1356 1354 1416 foedaret.
1425 1357 1680 1416 excessit
1707 1356 1926 1416 Fronto
1955 1373 2028 1416 ac
2063 1353 2332 1434 postula-

296 1455 321 1494 5
341 1443 421 1499 vit
450 1438 672 1498 modum
700 1448 974 1515 argento,
1008 1440 1388 1518 supellectili„
1420 1440 1702 1500 familiae:
1735 1448 1857 1500 erat
1885 1439 2102 1517 quippe
2133 1437 2340 1498 adhuc

338 1525 612 1600 frequens
654 1521 1050 1599 senatoribus,
1094 1523 1143 1581 si
1185 1522 1318 1600 quid
1361 1542 1392 1582 e
1424 1543 1489 1583 re
1525 1524 1754 1603 publica
1797 1522 2137 1598 crederent,
2185 1521 2336 1581 loco

338 1608 654 1666 sententiae
698 1621 986 1682 promere.
1060 1615 1259 1666 contra
1304 1605 1500 1667 Gallus
1530 1606 1762 1668 Asinius
1803 1603 2100 1666 disseruit:
2149 1615 2338 1666 auctu

336 1689 559 1768 imperii
602 1687 928 1748 adolevisse
959 1689 1143 1747 etiam
1183 1691 1437 1767 privatas
1490 1707 1667 1768 opes,
1727 1691 1897 1768 idque
1937 1707 2055 1749 non
2092 1707 2335 1766 novum,

336 1772 439 1832 sed
492 1791 525 1830 e
580 1772 978 1831 vetustissimis
1030 1772 1312 1832 moribus:
1367 1773 1533 1834 aliam
1575 1775 1726 1851 apud
1765 1773 2094 1850 Fabricios,
2153 1773 2338 1834 aliam

270 1876 317 1915 10
337 1854 485 1935 apud
526 1855 829 1933 Scipiones
872 1857 1198 1935 pecuniam;
1252 1865 1310 1916 et
1349 1865 1550 1916 cuncta
1605 1857 1676 1917 ad
1721 1876 1844 1918 rem
1897 1858 2180 1937 publicam
2232 1876 2336 1918 re-

335 1941 505 2017 ferri,
536 1957 645 2018 qua
682 1942 835 1999 tenui
868 1949 1140 2019 angustas
1170 1941 1375 2001 civium
1401 1940 1634 2018 domos,
1667 1951 1972 2021 postquam
2002 1959 2076 2001 eo
2103 1943 2336 2018 magni-

334 2025 595 2084 ficentiae
643 2026 890 2101 venerit,
936 2026 1191 2103 gliscere
1238 2025 1520 2101 singulo-s.
1585 2044 1776 2104 neque
1814 2029 1872 2105 in
1901 2026 2113 2085 familia
2143 2034 2205 2083 et
2237 2044 2336 2085 ar-

334 2116 509 2185 gento
555 2124 815 2184 quaeque
858 2108 931 2167 ad
970 2128 1132 2169 usum
1171 2118 1444 2187 parentur
1483 2111 1710 2168 nimium
1749 2110 1966 2189 aliquid
2003 2118 2100 2171 aut
2137 2109 2332 2169 modi-

334 2208 461 2249 cum
504 2191 611 2247 nisi
652 2208 727 2248 ex
766 2190 993 2252 fortuna
1036 2193 1405 2272 possidentis.
1477 2192 1778 2270 distincto-s
1811 2203 2044 2255 senatus
2074 2202 2132 2253 et
2161 2196 2331 2271 equi·

268 2280 314 2321 1⁵
334 2283 447 2331 tum
506 2289 743 2355 census,
795 2290 912 2333 non
966 2277 1095 2354 quia
1136 2276 1352 2337 diversi
1391 2286 1620 2354 natura,
1677 2277 1782 2337 sed
1820 2287 1908 2354 ut,
1959 2277 2119 2337 sicut
2167 2277 2329 2337 locis

334 2356 623 2416 ordinibus
676 2356 1100 2433 dignationibus
1155 2362 1455 2437 antistent‚
1510 2363 1586 2420 ita
1628 2363 1698 2423 iis
1743 2380 1890 2440 quae
1941 2360 2012 2421 ad
2059 2363 2325 2439 requiem

332 2442 499 2499 animi
536 2450 633 2500 aut
676 2440 1062 2503 salubritatem
1114 2460 1424 2522 corporum
1471 2455 1774 2522 parentur,
1829 2445 1940 2505 nisi
1989 2444 2154 2505 forte
2203 2444 2323 2505 cla·

214 2562 221 2567 ·
330 2526 554 2603 rissimo
602 2526 806 2603 cuique
837 2526 1034 2604 plures
1066 2544 1268 2602 curas,
1307 2529 1528 2587 maiora
1556 2528 1816 2607 pericula
1851 2527 2175 2604 subeunda,
2221 2528 2326 2587 de-

332 2608 649 2668 lenimentis
693 2626 951 2669 eurarum
997 2618 1055 2669 et
1092 2610 1480 2687 periculorum
1523 2612 1828 2673 carendum
1867 2630 2018 2673 esse.
2087 2612 2352 2673 facilem*

262 2702 313 2741 20
330 2691 631 2751 adsensum
674 2691 847 2753 Gallo.
884 2693 989 2752 sub
1032 2692 1354 2752 nominibus
1392 2693 1654 2758 honestis
1705 2697 1998 2757 confessio
2051 2696 2324 2755 vitiorum

332 2784 389 2833 et
440 2775 744 2834 similitudo
788 2776 1127 2836 audientium
1181 2776 1355 2838 dedit.
1443 2779 1734 2841 adiecerat
1783 2790 1840 2840 et
1882 2779 2146 2841 Tiberius
2197 2797 2322 2839 non

320 2857 383 2916 id
429 2866 651 2937 tempus
682 2866 959 2918 cens'nrae
980 2876 1137 2935 nec,
1190 2861 1241 2919 si
1271 2861 1402 2939 quid
1433 2864 1490 2921 in
1515 2864 1770 2923 moribus
1798 2864 2051 2941 labaret,
2093 2863 2322 2924 defutu-

327 2960 447 3001 rum
480 2941 808 3018 corrigendi
838 2951 1153 3003 auctorem.

452 3025 552 3086 34.
602 3023 755 3084 Inter
796 3043 943 3103 quae
968 3025 1043 3086 L.
1092 3025 1227 3087 Piso
1271 3028 1537 3090 ambitum
1577 3031 1720 3108 fori,
1767 3016 2038 3110 corrupta
2083 3032 2318 3109 iudicia,

326 3110 622 3168 saevitiam
662 3118 953 3187 oratorum
982 3112 1383 3173 accusationes
1414 3116 1786 3175 minitantium
1825 3116 2167 3195 increpans,
2215 3116 2318 3177 ab·

326 3194 413 3250 ire
451 3210 513 3251 se
544 3200 601 3250 et
632 3192 845 3251 cedere
874 3191 1045 3269 urbe,
1076 3194 1354 3255 victurum
1383 3198 1440 3255 in
1470 3198 1662 3276 aliquo
1687 3198 1880 3260 abdito
1911 3208 1972 3260 et
1996 3200 2316 3279 longinquo

324 3292 455 3333 rure
507 3273 847 3349 testabatun
902 3276 1064 3335 simul
1122 3280 1335 3339 curiam
1377 3280 1756 3359 relinquebat.
1847 3292 2168 3343 commotus
2223 3293 2319 3343 est

280 3374 305 3413 5
327 3355 622 3433 Tiberius,
654 3367 713 3417 et
736 3376 1071 3437 quamquam
1098 3361 1330 3422 mitibus
1356 3361 1552 3423 verbis
1583 3364 1850 3425 Pisonem
1891 3367 2314 3445 permulsis'set⁹

326 3443 679 3518 propinquos
698 3460 949 3521 »quoque
990 3446 1113 3503 eius
1150 3446 1372 3528 impulit
1410 3455 1470 3505 nt
1507 3444 1809 3509 abeuntem
1839 3451 2182 3511 auctoritate
2215 3452 2316 3511 vel
