2475 4000
355 209 435 274 32
704 183 733 300 ¹¹
854 175 1181 269 commui
1204 221 1440 270 uem
1459 219 1826 268 mmmm
1887 257 1892 267 .

354 389 469 438 tum
500 378 670 436 litore
702 374 919 436 Oceani
951 384 1155 454 petere
1184 374 1445 435 Rhenum
1475 376 1660 444 iussa;
1709 374 1996 448 Caecina,
2041 373 2142 450 qui
2183 390 2358 432 suum

353 462 589 520 militem
618 459 899 534 ducebat,
942 461 1219 540 monitus,
1265 477 1600 539 quamquam
1630 460 1780 520 notis
1809 455 2110 518 itineribus
2141 473 2356 532 regre-

352 546 607 620 deretur,
639 553 847 622 pontes
880 543 1089 619 longos
1127 561 1290 622 quam
1325 545 1653 604 maturrime·
1697 559 1995 620 superare.
2065 550 2362 616 angustus

286 637 333 676 1⁵
356 631 403 688 is
430 637 641 688 trames
676 637 869 688 vastas
895 629 1044 688 inter
1074 627 1318 705 paludes
1351 637 1406 688 et
1451 627 1733 705 quondam
1777 645 1811 686 a
1849 624 1912 686 L.
1944 625 2204 694 Domitio
2249 642 2356 700 ag-

352 721 615 789 geratus3
646 720 843 772 cetera
875 711 1099 786 limosa,
1132 712 1358 773 tenacia
1391 713 1768 788 gravicaeno
1813 718 1910 770 aut
1944 710 2081 768 rivis
2123 709 2360 768 incerta

354 805 545 864 erant;
588 797 800 856 circum
830 795 1011 856 silvae
1054 796 1324 874 paulatim
1369 794 1659 873 adclives,
1717 811 1858 872 quas
1901 802 2018 852 tum
2053 791 2358 852 Arminius

244 899 249 905 ·
354 880 626 978 inplevit,
678 879 1033 957 compendiis
1064 880 1280 938 viarum
1310 887 1368 936 et
1404 878 1521 937 cito·
1549 879 1776 954 agmine
1808 886 2070 936 onustum
2099 876 2360 934 sarcinis

356 967 641 1040 armisque
670 963 907 1022 militem
937 981 1067 1022 cum
1090 961 1498 1022 antevenisset.
1556 959 1844 1022 Caecinae
1868 959 2165 1034 dubitanti,
2203 976 2358 1036 quo·

281 1059 333 1098 20
353 1065 481 1106 nam
510 1048 681 1106 modo
714 1055 913 1124 ruptos
942 1055 1228 1106 vetustate
1281 1054 1485 1123 pontes
1522 1055 1839 1124 reponeret
1879 1043 2164 1120 simulque
2209 1060 2357 1120 pro-

353 1131 611 1209 pulsaret
641 1131 884 1212 hostem,
922 1139 1111 1191 castra
1141 1131 1344 1190 metari
1372 1131 1432 1190 in
1461 1127 1598 1190 loeo
1622 1130 1857 1208 placuit,
1888 1137 1950 1188 ut
1981 1145 2126 1206 opus
2159 1136 2218 1186 et
2253 1127 2360 1186 alii

352 1216 632 1293 proelium
662 1216 999 1292 inciperent.

474 1299 575 1358 64.
622 1297 858 1358 Barbari
889 1298 1256 1375 perfringere
1289 1299 1566 1358 stationes
1607 1315 1790 1374 seque
1839 1275 2052 1358 inferre
2099 1295 2355 1356 munito-

352 1381 509 1440 ribus
555 1383 663 1438 nisi
694 1381 1021 1459 lacessunt,
1058 1381 1639 1457 citcumgrediuntur,
1693 1389 2030 1440 occursant:
2063 1378 2358 1444 miscetur

353 1465 711 1540 operantium
739 1463 1187 1540 bellantiumque
1216 1465 1450 1524 clamor.
1525 1474 1583 1523 et
1631 1472 1836 1524 cuncta
1877 1464 2092 1540 pariter
2127 1460 2354 1520 Roma-

352 1549 439 1606 nis
472 1547 738 1621 adversa,
772 1545 939 1604 loeus
969 1546 1185 1623 uligine
1218 1547 1520 1624 profunda,
1556 1548 1708 1606 idem
1739 1547 1810 1606 ad
1841 1547 2080 1622 gradum
2101 1544 2352 1604 instabi-

304 1631 441 1704 sliS,
485 1628 939 1707 procedentibus
978 1628 1266 1702 lubricus,
1339 1646 1588 1706 corpora
1629 1631 1825 1706 gravia
1872 1629 2100 1696 loricis;
2143 1646 2356 1706 neque

353 1712 564 1772 librare
609 1712 727 1789 pila
768 1713 915 1769 inter
962 1713 1139 1772 undas
1192 1721 1480 1789 poterant.
1554 1723 1754 1773 contra
1809 1711 2120 1773 Cheruscis
2175 1722 2354 1772 sueta

351 1794 501 1872 apud
529 1794 773 1872 paludes
803 1795 1057 1871 proelia,
1106 1812 1354 1893 procera
1396 1795 1688 1870 membra,
1734 1797 1934 1857 hastae
1961 1798 2232 1872 ingentes
2273 1797 2352 1855 ad

350 1877 589 1938 vulnera
618 1877 881 1938 facienda
918 1881 1173 1956 quamvis
1202 1879 1429 1958 procul.
1490 1897 1607 1940 nox
1639 1880 1858 1940 demum
1881 1880 2248 1940 inclinantis
2229 1897 2354 1940 iam

351 1962 617 2040 legiones
650 1952 931 2023 adversae
963 1981 1190 2041 pugnae
1222 1965 1456 2025 exemit.
1516 1963 1779 2026 Germani
1813 1963 1886 2025 ob
1921 1980 2210 2043 prospera
2257 1965 2350 2023 in-

280 2056 330 2098 10
351 2047 589 2122 defessi,
624 2065 695 2105 ne
726 2057 841 2105 tum
870 2048 1097 2124 quidem
1134 2058 1358 2126 sumpta
1387 2049 1602 2129 quiete,
1635 2057 1903 2126 quantum
1927 2065 2202 2125 aquarum
2231 2050 2352 2109 cir-

350 2149 477 2189 cum
506 2130 877 2206 surgentibus
906 2133 1054 2207 iugis
1100 2134 1280 2193 oritur
1323 2141 1555 2191 vertere
1587 2134 1648 2191 in
1697 2132 1988 2207 subiecta,
2027 2149 2348 2209 mersaque

347 2214 517 2272 humo
554 2224 612 2273 et
642 2213 849 2273 obruto
878 2216 1048 2292 quod*
1066 2217 1336 2276 effectum
1365 2218 1564 2291 operis
1593 2216 1916 2293 duplicatus
1953 2216 2116 2293 militi
2143 2214 2344 2275 labor.

350 2297 885 2374 quadragensimum
929 2298 985 2357 id
1028 2300 1373 2377 stipendium
1403 2297 1653 2359 Caecina
1693 2299 1931 2377 parendi
1975 2308 2070 2359 aut
2103 2301 2346 2376 imperi·

349 2382 501 2441 tandi
531 2381 799 2456 habebat,
828 2381 1203 2443 secundarum
1246 2382 1752 2460 ambiguarumque
1786 2402 1976 2443 rerum
2011 2385 2204 2441 sciens
2233 2400 2343 2441 eo·

281 2470 329 2512 ¹5
350 2483 463 2543 que
493 2467 803 2527 interritus.
868 2467 1040 2542 igitur
1070 2465 1259 2525 futura
1290 2467 1534 2525 volvens
1563 2482 1677 2526 non
1707 2467 1862 2529 aliud
1881 2467 2140 2545 repperit
2163 2484 2348 2545 quam

349 2558 407 2607 ut
430 2550 655 2609 hostem
683 2550 842 2609 silvis
869 2558 1195 2626 coerceret,
1220 2549 1410 2608 donec
1433 2552 1615 2609 saucii
1635 2559 2018 2628 quantumque
2041 2552 2348 2627 gravioris

348 2636 585 2710 agminis
626 2636 933 2700 anteirent;
971 2650 1101 2692 nam
1126 2632 1320 2691 medio
1352 2635 1622 2693 montium
1653 2644 1714 2693 et
1751 2634 2020 2712 paludum
2065 2635 2342 2711 porrige·

345 2716 511 2775 batur
547 2718 835 2795 planitieS‚
868 2734 1017 2794 quae
1050 2725 1284 2775 tenuem
1313 2717 1498 2777 aciem
1522 2726 1835 2796 pateretur.⁴
1901 2717 2228 2794 deliguntur
2251 2717 2340 2775 le·

346 2802 553 2876 giones
584 2802 775 2879 quinta
807 2801 1015 2859 dextro
1037 2800 1225 2875 lateri,
1260 2800 1706 2861 unetvicensima
1730 2803 1786 2859 in
1810 2800 2058 2877 laevum,
2092 2802 2342 2879 primani

275 2901 327 2942 20
352 2883 671 2943 ducendum
698 2883 769 2943 ad
802 2901 1029 2959 agmen,
1062 2884 1480 2945 vicensimanus
1514 2886 1816 2945 adversum
1843 2893 2174 2949 secuturos.

471 2968 569 3029 65.
612 2967 745 3027 Nox
777 2984 884 3043 per
920 2966 1149 3027 diversa
1176 2969 1435 3047 inquies,
1479 2986 1607 3029 cum
1640 2968 1867 3029 barbari
1906 2969 2074 3028 festis
2115 2969 2338 3047 epuliS,

346 3051 501 3111 laeto
544 3061 709 3111 cantu
740 3060 835 3109 aut
862 3053 1009 3110 truci
1056 3068 1271 3111 sonore
1314 3052 1577 3115 subiecta
1620 3052 1851 3113 vallium
1895 3070 1966 3113 ac
1996 3053 2338 3113 resultantis

345 3134 523 3194 saltus
558 3135 936 3211 complerent,
982 3136 1135 3213 apud
1169 3136 1460 3199 Romanos
1487 3137 1720 3199 invalidi
1751 3138 1940 3213 ignes,
1971 3137 2338 3217 interruptae

343 3235 546 3293 voces,
580 3227 753 3296 atque
782 3219 893 3295 ipsi
921 3221 1132 3297 passim
1159 3221 1494 3281 adiacerent
1521 3220 1711 3295 vallo,
1763 3220 2105 3281 oberrarent
2137 3230 2330 3283 tento·

298 3317 324 3356 5
346 3303 465 3377 riis,
504 3304 793 3363 insomnes
823 3304 1003 3379 magis
1041 3321 1205 3382 quam
1236 3304 1572 3383 pervigiles.
1631 3304 1956 3381 ducemque
1973 3307 2184 3365 terruit
2207 3306 2332 3365 dira

346 3387 541 3460 quies:
573 3404 699 3445 nam
732 3386 1058 3460 Quintilium
1088 3387 1299 3447 Varum
1330 3389 1606 3463 sangnine
1635 3387 1872 3447 oblitum
1917 3397 1976 3447 et
2017 3388 2332 3465 paludibus

345 3484 627 3527 emersum
662 3488 905 3532 cernere
954 3482 1014 3531 et
1054 3472 1254 3531 audire
1289 3473 1448 3531 visus
1493 3480 1582 3530 est
1621 3470 1780 3531 velut
1820 3481 2158 3549 vocantem,
2211 3491 2334 3536 non
