2475 4000
757 245 893 294 ms.
917 245 1012 294 11.
1047 246 1196 298 car.
1224 245 1415 346 1,-6,
1771 229 1779 243 ’
1877 298 1890 303 -
1966 239 2079 307 181

56 450 62 461 .
110 400 246 460 citas
273 397 540 468 arborum
567 416 789 480 vapore
819 402 972 478 ignis
999 401 1377 466 minueretur:
1409 407 1619 483 tantum
1645 402 1727 464 illi
1759 406 2082 470 securitatis

105 485 445 546 novissimae
474 485 598 544 fuit.
784 529 800 534 -
1107 513 1114 517 ·
1868 537 1872 545 .
2100 511 2151 556 15

217 571 278 629 4.
317 570 613 631 Vocantur
654 577 790 648 post
827 568 977 636 haec
1006 577 1237 650 patres,
1268 571 1577 649 pergitque
1606 569 1837 632 Suillius
1868 574 2081 636 addere

101 670 236 714 reos
266 655 492 732 equites
517 653 810 714 Romanos
839 653 1143 732 inlustres,
1186 653 1391 734 quibus
1420 653 1592 714 Petra
1622 668 2080 732 cognomentum.

105 746 157 796 at
189 755 364 798 causa
397 738 561 816 rnecis
595 754 672 797 ex
705 755 812 816 eo,
857 737 1014 817 quod
1043 739 1271 800 domum
1308 753 1465 798 suam
1494 737 1894 806 Mnesteriset
1928 742 2083 822 Pop-

101 839 282 899 paeae
327 821 743 898 congressibus
787 822 1208 902 praebuissent.
1273 840 1473 882 verum
1513 822 1835 883 nocturnae
1877 827 2086 904 quietis

101 907 330 984 species
365 903 532 965 alteri
561 905 812 984 obiecta,
840 916 1122 986 tamquam
1149 905 1401 967 vidisset·
1422 904 1721 967 Claudium
1752 908 1953 988 spicea
1986 926 2083 969 co·
2102 933 2127 974 ε
2164 933 2168 938 ‘

97 1006 236 1049 rona
268 990 578 1068 evinctum,
613 991 790 1070 spicis
818 999 977 1051 retro
1011 991 1343 1068 conversis,
1389 1006 1571 1069 eaque
1604 989 1855 1068 imagine
1894 995 2084 1069 gravi-

98 1083 268 1134 tatem
289 1090 564 1138 annonae
596 1072 856 1135 dixisset.
913 1075 1138 1154 quidam
1169 1075 1530 1155 pampineam
1574 1091 1847 1135 coronam
1888 1075 2083 1137 alben-

96 1157 240 1218 tibus
268 1156 434 1220 foliis
461 1157 641 1218 visam
676 1167 848 1238 atque
875 1159 952 1218 ita
978 1159 1413 1239 interpretatum
1443 1157 1766 1237 tradidere,
1800 1169 2087 1238 vergente

25 1312 28 1322 ¹
97 1251 362 1303 autumno
392 1250 635 1302 mortem
664 1243 943 1322 principis
967 1241 1210 1304 ostendi.
1265 1240 1404 1301 illud
1426 1240 1574 1304 haud
1595 1242 1920 1323 ambigitur,
1949 1262 2087 1323 qua·-

93 1324 378 1406 licumque
407 1325 686 1398 insomnio
717 1325 828 1406 ipsi
870 1326 1149 1406 fratrique
1180 1326 1496 1406 perniciem
1545 1325 1806 1387 adlatam.
1870 1336 2082 1390 sester-
2104 1351 2153 1393 ιο

92 1412 222 1471 tium
255 1410 634 1490 quindeciens
664 1417 723 1470 et
764 1411 1011 1487 insignia
1043 1419 1347 1491 praeturae
1380 1407 1649 1490 Crispino
1681 1411 1935 1484 decreta.
1988 1413 2083 1472 ad-

91 1494 227 1554 iecit
268 1492 544 1556 Vitellius
577 1495 904 1570 sestertium
941 1495 1182 1555 deciens
1211 1493 1475 1572 Sosibio,
1520 1493 1673 1574 quod
1704 1495 2119 1559 Britannicum=

19 1591 32 1612 ¹
93 1579 465 1658 praeceptis,
512 1575 806 1638 Claudium
860 1578 1115 1639 consiliis
1161 1580 1403 1640 iuvaret.
1465 1588 1705 1656 rogatus
1747 1582 2086 1642 sententiam

92 1671 149 1721 et
177 1662 408 1742 Scipio,
454 1663 620 1724 ‘cum
646 1663 828 1723 idem'
862 1663 1041 1743 inquit
1081 1662 1178 1723 ‘de
1207 1661 1471 1723 admissis
1499 1662 1813 1744 Poppaeae
1844 1665 2085 1724 sentiam

94 1746 249 1824 quod
279 1763 518 1823 omnes,
566 1755 760 1826 putate
805 1764 898 1807 me
939 1747 1089 1808 idem
1127 1746 1325 1832 dicere
1359 1746 1512 1826 quod
1541 1752 1788 1825 omnes,'
1831 1748 2084 1826 eleganti
2102 1774 2153 1816 15

89 1839 546 1910 temperamento
585 1833 735 1893 inter
779 1831 1146 1910 coniugalem
1197 1846 1455 1915 amorem
1497 1838 1555 1889 et
1596 1831 1943 1892 senatoriam
1985 1851 2083 1893 ne-

90 1917 443 1977 cessitatem.
1063 1949 1069 1957 ι

205 2002 268 2061 5.
319 1995 636 2062 Continuus
661 2000 796 2061 inde
826 2009 883 2061 et
917 2016 1126 2061 saevus
1158 1993 1499 2058 accusandis
1528 1995 1646 2055 reis
1680 1994 1917 2057 Suillius
1946 2000 2085 2059 mul-

86 2083 250 2163 tique
289 2082 568 2144 audaciae
612 2084 735 2145 eius
783 2084 1019 2153 aemuli;
1063 2100 1194 2142 nam
1226 2087 1434 2141 cuncta
1474 2077 1671 2157 legum·
1699 2088 1757 2142 et
1787 2081 2085 2159 magistra-

81 2175 242 2227 tuum
266 2164 476 2228 'munia
516 2169 576 2226 in
619 2186 686 2227 se
728 2168 962 2228 trahens
990 2160 1266 2245 princeps
1304 2164 1601 2225 materiam
1643 2163 1959 2244 praedandi
1986 2184 2085 2245 pa-

77 2251 398 2312 tefecerat.
477 2267 590 2314 nec
640 2252 942 2329 quicquam
983 2247 1253 2331 publicae
1306 2248 1517 2309 mercis
1568 2258 1681 2310 tam
1728 2249 1937 2311 venale
1982 2250 2089 2310 fuit

81 2352 258 2414 quam
291 2331 705 2393 advocatorum
733 2334 1006 2413 perfidia,
1049 2331 1196 2393 adeo
1238 2342 1299 2393 ut
1332 2332 1588 2411 Samius,
1630 2334 1873 2411 insignis
1904 2352 2128 2413 eques5

76 2420 418 2495 Romanus,
463 2416 894 2495 quadringentis
935 2433 1287 2481 nummorum
1324 2416 1551 2478 milibus
1592 2416 1797 2478 Suillio
1839 2417 1986 2479 datis
2026 2426 2089 2477 et

86 2503 329 2582 cognita
362 2502 862 2580 praevaricatione
889 2502 1048 2564 ferro
1079 2502 1136 2562 in
1175 2484 1347 2563 domo
1383 2502 1507 2561 eius
1539 2501 2089 2577 incubuerit.‘igitur

82 2587 412 2666 incipiente
452 2582 518 2645 G.
555 2584 696 2647 Silio
748 2586 985 2647 consule
1025 2586 1359 2665 designate,
1408 2587 1568 2650 cuius
1612 2584 1687 2645 de
1730 2586 1986 2665 potentia
2032 2590 2090 2645 et

86 2673 268 2733 exitio
312 2670 372 2747 in
410 2678 674 2755 tempore
718 2670 1081 2748 memorabo,
1138 2678 1493 2747 consurgunt
1536 2678 1732 2747 patres
1777 2667 2089 2746 legemque

88 2754 354 2817 Cinciam
381 2754 665 2832 flagitant,
697 2772 810 2833 qua
839 2763 1074 2839 cavetur
1102 2754 1439 2835 antiquitus,
1478 2771 1551 2812 ne
1582 2753 1709 2832 quis
1738 2749 1813 2813 ob
1860 2768 2085 2813 causam
2108 2770 2155 2812 10

90 2838 371 2900 orandam
401 2839 706 2917 pecuniam
735 2832 1018 2899 donumve
1047 2839 1315 2917 accipiat.

119 2935 132 2953 ’
215 2924 278 2986 6.
325 2921 552 2982 Deinde
586 2921 1058 3001 obstrepentibus
1087 2924 1178 2999 iis,
1211 2921 1417 3001 quibus
1449 2937 1519 2982 ea
1551 2918 1895 2982 contumelia
1921 2936 2089 2999 para»

85 3005 287 3085 batur,
323 3006 550 3067 discors
577 3005 782 3068 Suillio
814 3006 988 3067 Silius
1018 3001 1229 3067 acriter
1268 3006 1553 3083 incubuit,
1596 3012 1858 3066 veterum
1896 3012 2087 3064 orato·

85 3110 210 3153 rum
242 3089 518 3170 exempla
547 3090 862 3167 referens‚‘
893 3091 988 3170 qui
1028 3090 1234 3150 famam
1276 3099 1334 3150 et
1360 3097 1635 3169 posteros
1679 3088 1935 3168 praemia
1965 3086 2087 3147 elo-

88 3177 368 3256 quentiae
422 3175 858 3252 cogitavissent.
923 3173 1361 3253 pulcherrimam
1410 3171 1662 3251 alioquin
1716 3180 1773 3231 et
1810 3169 2091 3233 bonarum

87 3263 296 3321 artium
337 3259 659 3341 principem
698 3258 946 3321 sordidis
988 3257 1317 3318 ministeriis
1358 3256 1611 3326 foedari;
1653 3273 1727 3316 ne
1763 3254 1932 3317 fldem
1968 3257 2088 3335 qui·
2114 3281 2141 3323 ⁵

88 3344 220 3405 dem
251 3347 542 3421 integram
569 3362 834 3422 manere,
878 3342 975 3403 ubi
1021 3341 1351 3420 magnitudo
1394 3348 1727 3420 quaestuum
1770 3347 2085 3419 spectetur.

88 3428 247 3508 quod
298 3428 351 3488 si
394 3428 453 3487 in
495 3426 704 3489 nullius
744 3426 1072 3489 mercedem
1115 3426 1354 3503 negotia
1394 3426 1558 3502 liant,
1603 3423 1879 3503 pauci-ora
1924 3424 2087 3485 iore:

83 3530 239 3575 nunc
268 3510 620 3589 inimicitias,
651 3514 1077 3590 accusationes,
1109 3510 1238 3571 odia
1272 3519 1331 3571 et
1366 3508 1601 3570 iniurias
1628 3507 1852 3588 foveri,
1888 3517 1946 3570 ut
1973 3512 2089 3590 quo
