2475 4000
382 175 507 238 272
885 185 1215 262 CQRNELH
1246 185 1480 232 'mena
1515 147 1884 234 Anxanum

383 361 527 420 gere
576 358 691 401 non
742 339 1120 416 erubescunt,
1181 331 1410 399 iniurias
1475 359 1606 400 suas
1664 339 1814 399 ultus
1871 348 1960 398 est
2021 341 2400 420 interfector,

385 427 515 504 quia
558 422 627 480 de
683 433 920 503 paterna
966 426 1209 512 pecunia
1253 432 1614 500 transegerat
1651 433 1746 482 aut
1785 425 1996 483 avitum
2037 428 2399 504 mancipium

311 505 875 653 Qdegrahebatur?
904 499 1334 587 pronuntiemus
1395 507 1550 608 ultro
1615 506 1900 567 dominum
1961 510 2086 567 iure
2153 527 2400 568 caesum

516 611 563 650 ri

382 612 439 652 w
478 611 607 736 e44.
658 675 827 736 Libet
868 659 1199 752 argume'nta
1253 676 1598 754 conquirere
1648 677 1704 734 in
1751 693 1824 735 eo
1871 675 2026 754 quod
2071 677 2401 755 sapientio-

290 801 297 812 .
380 760 537 821 ribus
582 758 961 830 deliberatum
1006 757 1137 819 est?
1198 760 1300 819 sed
1355 769 1434 819 et
1457 761 1505 818 si
1547 777 1698 818 nunc
1743 763 1980 838 primum
2021 761 2402 820 statuendum

380 844 757 920 haberemuS,
818 843 1126 902 creditisne
1182 861 1414 903 servum
1461 843 1840 903 interficiendi
1884 843 2095 904 domini
2141 845 2403 904 animum

382 929 731 1007 sumpsisse,
780 935 842 986 ut
876 945 991 987 non
1034 945 1151 986 vox
1190 929 1382 987 minax
1423 927 1755 1002 excideret,
1813 928 1962 986 nihil
2003 945 2112 1006 per
2155 931 2400 987 temeri-

332 1022 551 1078 5tatem
584 1007 1077 1091 proloqueretur?
1134 1029 1276 1071 sane
1313 1011 1615 1071 consilium
1643 1011 1982 1088 occultavit,
2028 1010 2209 1070 telum
2237 1013 2402 1073 inter

380 1099 618 1175 ignaros
663 1096 919 1174 paravit:
964 1114 1095 1154 num
1142 1094 1416 1156 excubias
1461 1089 1764 1172 transiret,
1816 1094 2065 1155 cubiculi
2093 1095 2272 1155 fores
2303 1115 2402 1155 re-

382 1181 673 1257 cluderet,
710 1181 900 1239 lumen
925 1180 1202 1257 inferret,
1251 1180 1486 1239 caedem
1522 1188 1776 1258 patraret
1816 1163 2081 1238 omnibus
2124 1177 2400 1238 nesciis?

378 1265 554 1325 multa
584 1264 829 1324 sceleris
870 1263 1078 1324 indicia
1110 1265 1516 1342 praeveniunt:
1563 1266 1720 1322 servi
1767 1265 1815 1322 si
1857 1263 2138 1342 prodant,
2179 1281 2400 1342 possu-

378 1368 501 1408 mus
533 1348 743 1424 singuli
772 1349 918 1408 inter
952 1349 1171 1426 plures,
1209 1349 1313 1408 tuti
1343 1349 1492 1425 inter
1521 1350 1756 1424 anxios5
1786 1357 2122 1426 postremo,
2159 1348 2208 1406 si
2251 1365 2396 1426 per-

312 1451 363 1492 ιο
382 1431 625 1493 eundum
654 1432 757 1508 sit,
802 1449 919 1491 non
954 1432 1119 1510 inulti
1147 1435 1296 1491 inter
1325 1440 1606 1515 nocentes
1639 1449 1836 1508 agere.
1899 1439 2178 1510 suspecta
2209 1433 2400 1490 maio·

378 1515 539 1574 ribus
578 1516 791 1574 nostris
831 1516 1061 1575 fuerunt
1101 1516 1329 1592 ingenia
1377 1533 1705 1592 servorum,
1751 1515 1920 1576 etiam
1952 1533 2080 1574 cum
2123 1516 2186 1572 in
2231 1518 2400 1592 agris

385 1608 480 1659 aut
509 1597 773 1658 domibus
814 1598 997 1672 isdem
1026 1609 1402 1668 nascerentur
1435 1598 1848 1677 caritatemque
1877 1598 2252 1664 dominorum
2283 1609 2397 1658 sta-

378 1685 477 1743 tim
506 1684 862 1760 acciperent.
929 1691 1232 1761 postquam
1263 1699 1406 1742 vero
1439 1684 1701 1745 nationes
1734 1685 1792 1741 in
1821 1683 2051 1743 familiis
2081 1682 2398 1758 habemuS,

380 1767 584 1845 quibus
621 1764 834 1824 diversi
868 1768 1029 1841 ritus,
1064 1775 1303 1826 externa
1337 1785 1504 1828 sacra
1539 1777 1634 1828 aut
1649 1767 1813 1826 nulla
1847 1776 2006 1843 sunt,
2054 1767 2400 1826 conluviem

309 1851 543 1917 isistam
587 1867 702 1908 non
748 1850 858 1909 nisi
903 1859 1057 1909 metu
1115 1852 1465 1910 coercuerim
1553 1861 1608 1911 at
1656 1851 1882 1930 quidam
1925 1853 2190 1910 insontes
2235 1854 2399 1928 peri·

378 1935 533 1998 bunt.
598 1952 725 1993 nam
772 1944 830 1994 et
872 1953 945 1994 ex
987 1929 1116 1994 fuso
1164 1937 1425 1994 exercitu
1471 1952 1597 1994 cum
1635 1935 1908 1994 decumus
1950 1937 2201 2013 quisque
2255 1935 2402 1993 fusti

376 2021 597 2095 feritur,
630 2021 801 2078 etiam
824 2021 1039 2079 strenui
1064 2022 1396 2079 sortiuntur.
1446 2019 1622 2080 habet
1650 2020 1861 2099 aliquid
1887 2038 1962 2079 ex
1985 2021 2208 2100 iniquo
2217 2036 2400 2079 omne

374 2122 641 2181 magnum
699 2103 1059 2183 exemplum,
1115 2103 1270 2181 quod
1311 2113 1513 2163 contra
1557 2104 1820 2181 singulos
1861 2104 2102 2181 utilitate
2149 2102 2398 2181 publica

376 2186 756 2265 rependitur?

501 2270 604 2329 45.
652 2271 982 2335 Sententiae
1023 2269 1209 2331 Cassii
1240 2281 1302 2333 ut
1339 2288 1508 2331 nemo
1541 2290 1684 2330 unus
1714 2282 1914 2331 contra
1946 2273 2030 2331 ire
2062 2288 2244 2331 ausus
2285 2282 2399 2349 est,

376 2354 453 2432 ita
498 2353 766 2414 dissonae
811 2373 991 2415 voces
1043 2354 1478 2434 respondebant
1519 2364 1813 2418 numerum
1855 2365 1948 2417 aut
1994 2364 2248 2415 aetatem
2297 2366 2403 2415 aut

378 2456 577 2498 sexum
633 2457 701 2497 ac
754 2438 1125 2519 plurimorum
1178 2439 1467 2499 indubiam
1517 2440 1924 2501 innocentiam·
1956 2436 2396 2499 miserantium:

378 2522 701 2602 praevaluit
736 2532 925 2583 tamen
962 2541 1097 2602 pars
1131 2541 1279 2601 quae
1303 2523 1660 2602 supplicium
1692 2523 2065 2584 decernebat.
2129 2523 2240 2583 sed
2287 2524 2400 2585 oh-

322 2628 350 2667 5
376 2608 686 2683 temperari
734 2626 851 2668 non
902 2616 1165 2686 poterat,
1223 2607 1577 2683 conglobata
1628 2608 1982 2669 multitudine
2026 2616 2084 2667 et
2128 2625 2278 2667 saxa
2325 2627 2399 2668 ac

376 2690 540 2750 faces
580 2692 846 2751 minante.
910 2696 1027 2751 tum
1059 2689 1278 2751 Caesar
1305 2692 1597 2771 populum
1640 2692 1833 2752 edicto
1877 2693 2163 2769 increpuit
2205 2700 2400 2769 atque

378 2792 545 2839 omne
590 2776 734 2850 iter,
782 2794 896 2857 quo
937 2775 1182 2835 damnati
1229 2776 1300 2835 ad
1333 2794 1576 2855 poenam
1613 2775 1997 2851 ducebantur,
2035 2774 2396 2835 militaribus

376 2858 685 2937 praesidiis
716 2862 951 2938 saepsit.
1016 2870 1321 2920 censuerat
1353 2859 1670 2937 Cingonius
1699 2861 1888 2919 Varro
1924 2868 1981 2918 ut
2011 2848 2208 2918 liberti
2237 2876 2395 2937 quo-

379 2960 513 3021 que,
552 2944 645 3019 qui
677 2942 781 3002 sub
813 2944 1017 3004 eodem
1048 2952 1203 3003 tecto
1236 2944 1512 3021 fuissent,
1543 2940 1704 3005 ltalia
1735 2944 2204 3023 deportarentur.
2265 2943 2330 3001 id
2361 2962 2395 3002 a

305 3044 357 3086 ιο
376 3027 641 3105 principe
675 3027 1019 3106 prohibitum
1048 3038 1157 3105 est,
1194 3047 1428 3089 nemos
1459 3031 1744 3108 antiquus,
1779 3046 1947 3111 quem
1976 3027 2394 3088 misericordia

371 3128 490 3170 non
524 3111 819 3188 minuerat,
854 3130 961 3190 per
990 3114 1728 3173 saevitiamintenderetur.

390 3193 396 3197 ’
500 3195 602 3255 46.
647 3194 957 3255 Damnatus
1010 3196 1190 3256 isdem
1251 3198 1582 3258 consulibus
1628 3196 1953 3274 Tarquitius
1998 3196 2236 3256 Priscus
2295 3213 2392 3255 re-

372 3276 750 3356 potandarum
792 3278 1049 3353 Bithynis
1080 3281 1596 3359 interrogantibus,
1639 3297 1848 3359 magno
1884 3289 2112 3359 patrum
2141 3278 2392 3357 gaudio,

372 3362 472 3437 qui
527 3371 851 3420 accusatum
894 3362 965 3421 ab
1014 3383 1083 3424 eo
1128 3356 1407 3425 Statilium
1451 3366 1696 3426 Taurum
1748 3382 1856 3443 pro
1902 3364 2143 3423 consule
2196 3364 2394 3441 ipsius

374 3445 765 3501 meminerant.
852 3464 1058 3507 census
1122 3466 1229 3526 per
1282 3450 1496 3525 Gallias
1561 3468 1594 3510 a
1643 3450 1714 3525 Q.
1766 3447 2012 3515 Volusio
2065 3456 2124 3507 et
2175 3448 2390 3507 Sextio
