2475 4000
700 213 909 261 mma
937 213 1077 261 xnr.
1112 203 1264 263 eAP.
1295 213 1532 268 14—20.
1883 291 1896 310 ,
1987 193 2106 266 261'

115 371 203 432 dia
239 370 552 429 frueretur.
614 387 727 429 nec
768 370 1003 429 deerant
1047 371 1141 447 qui
1189 388 1293 429 ore
1323 369 1596 449 vultuque
1641 373 1787 431 tristi
1828 375 1977 432 inter
2011 374 2111 435 ob-

115 458 464 515 lectamenta
494 455 657 530 regia
682 455 939 532 spectari
971 463 1268 532 cuperent.
2132 458 2185 524 10

245 541 342 597 17.
390 537 511 596 Sub
558 537 707 598 idem
739 546 962 616 tempus
1004 537 1119 596 levi
1164 539 1321 597 initio
1365 545 1532 597 atrox
1563 539 1775 599 caedes
1807 550 1931 601 orta
1967 544 2114 602 inter

116 623 364 684 colonos
413 620 742 682 Nucerinos
791 620 1296 706 Pompeianosque
1352 621 1696 700 gladiatorio
1751 625 2112 706 spectaculo,

118 706 271 787 qnod
298 707 591 766 Livineius
616 705 906 783 Regulus,
951 722 1119 784 quem
1149 714 1361 765 motum
1391 714 1593 765 senatu
1623 708 1848 784 rettuli,
1883 709 2113 770 edebat.

120 794 337 870 quippe
362 790 661 868 oppidana
691 790 932 850 lascivia
978 791 1037 848 in
1064 790 1251 850 vicem
1290 792 1651 850 incessentes
1693 791 1941 870 probra,
1981 793 2114 853 dein

120 894 290 951 saxa,
335 883 633 952 postremo
677 874 895 934 ferrum
929 891 1265 952 sumpsere,
1313 871 1596 934 validiore
1631 875 2160 954 Pompeianorums

120 959 322 1039 plebe,
356 958 509 1038 apud
540 976 687 1036 quos
717 958 1109 1038 spectaculum
1135 958 1432 1018 edebatur.
1493 977 1638 1036 ergo
1670 959 1958 1038 deportati
1987 970 2118 1020 sunt
2169 981 2180 991 ‘

120 1047 171 1103 in
198 1042 407 1102 urbem
449 1042 605 1102 multi
642 1061 675 1101 e
700 1042 1005 1102 Nucerinis
1046 1051 1250 1102 trunco
1296 1061 1404 1121 per
1437 1042 1674 1102 vulnera
1715 1060 2002 1122 corpore,
2046 1062 2118 1102 ae

122 1128 386 1207 plerique
422 1126 735 1186 liberorum
767 1134 865 1186 aut
896 1134 1191 1204 parentum
1222 1135 1442 1187 mortes
1471 1125 1778 1187 deflebant.
1844 1129 2003 1186 cuius
2032 1128 2118 1186 rei

120 1211 385 1272 iudicium
430 1212 705 1289 princeps
750 1211 1001 1285 senatui,
1049 1220 1284 1270 senatus
1329 1210 1661 1271 consulibus
1709 1213 1986 1290 permisit.
2060 1219 2120 1270 et

120 1314 315 1356 rursus
344 1313 410 1354 re
446 1294 518 1354 ad
553 1304 749 1372 patres
776 1293 990 1371 relata,
1034 1293 1308 1372 prohibiti
1339 1293 1570 1372 publice
1603 1296 1660 1354 in
1696 1295 1901 1356 decem
1937 1311 2118 1355 annos
2137 1316 2187 1357 10

122 1382 242 1439 eius
282 1378 444 1438 modi
490 1387 660 1438 coetu
689 1378 1053 1456 Pompeiani,
1100 1378 1474 1455 collegiaque
1517 1397 1663 1456 quae
1706 1388 1908 1440 contra
1948 1380 2118 1456 leges

120 1465 481 1523 instituerant
514 1462 823 1534 dissolutam
869 1460 1165 1520 Livineius
1199 1470 1259 1520 et
1292 1463 1387 1538 qui
1416 1461 1513 1521 alii
1554 1461 1894 1522 seditionem
1927 1463 2117 1523 conci·

120 1556 321 1610 verant
354 1545 530 1604 exilio
561 1546 777 1605 multati
808 1553 957 1604 sunt.
1122 1601 1134 1620 ,
1647 1589 1652 1596 .

252 1629 353 1690 18.
397 1628 589 1688 Motus
630 1638 830 1688 senatu
872 1638 930 1687 et
973 1628 1181 1688 Pedius
1224 1629 1500 1708 Blaesus,
1554 1629 1960 1692 accusantibus
2005 1626 2120 1702 Cy-

120 1712 463 1776 renensibus
492 1711 764 1772 violatum
797 1711 868 1772 ab
899 1729 971 1771 eo
1001 1712 1330 1772 thesaurum
1364 1713 1705 1792 Aesculapii
1735 1714 2121 1790 dilectumque

120 1799 424 1859 militarem
470 1797 657 1874 pretio
700 1804 760 1855 et
800 1795 1107 1856 ambitione
1150 1806 1518 1874 corruptum.x
1566 1797 1718 1856 idem
1752 1797 2122 1872 Cyrenenses

122 1900 278 1943 reum
324 1879 579 1958 agebant
607 1879 854 1940 Acilium
883 1880 1592 1956 Strabonem,=praetoria
1636 1888 1925 1957 potestate
1958 1897 2123 1939 usum
2226 1927 2239 1935 ,

124 1977 177 2028 et
202 1965 919 2045 missum‘disceptatorem
950 1983 981 2025 a
1007 1963 1247 2025 Claudio
1274 1980 1561 2043 agrorum,
1589 1980 1734 2041 quos
1757 1964 1917 2039 regis
1941 1961 2121 2041 Apio·
2145 1990 2170 2029 5

124 2055 209 2111 nis
252 2050 542 2130 quondam
580 2050 768 2109 avitos
808 2058 866 2109 et
905 2049 1125 2128 populo
1156 2049 1425 2108 Romano
1473 2065 1598 2106 cum
1643 2064 1828 2123 regno
1881 2046 2125 2105 relictos

126 2136 425 2215 proximus
469 2135 717 2211 quisque
758 2150 1075 2211 possessor
1116 2134 1477 2207 invaserant,
1524 2131 1848 2209 diutinaque
1893 2129 2126 2190 licentia

96 2231 195 2281 ,ει
220 2220 427 2279 iniuria
464 2219 627 2296 quasi
670 2219 793 2277 iure
832 2226 889 2285 et
923 2234 1111 2294 aequo
1159 2214 1504 2275 nitebantur.
1573 2218 1747 2293 igitur
1789 2214 2126 2275 abiudicatis

126 2305 285 2382 agris
329 2310 455 2361 orta
500 2301 779 2361 adversus
816 2300 1060 2361 iudicem
1104 2300 1343 2369 invidia;
1398 2309 1456 2359 et
1495 2308 1729 2360 senatus
1771 2302 1971 2376 ignota
2017 2296 2126 2357 sibi

127 2407 261 2449 esse
301 2385 565 2446 mandata
610 2383 831 2446 claudii
884 2394 943 2445 et
984 2382 1398 2445 consulendum
1442 2386 1759 2463 principem
1803 2382 2123 2460 respondit.
2149 2406 2198 2446 ιο

125 2472 286 2548 Nero
325 2469 571 2549 probata
605 2470 906 2530 Strabonis
938 2470 1253 2547 sententia,
1296 2487 1362 2528 se
1396 2468 1572 2529 nihilo
1605 2469 1788 2526 minus
1820 2466 2130 2525 subvenire
2167 2528 2180 2541 l

128 2556 309 2616 sociis
345 2563 403 2613 et
426 2562 695 2631 usurpata
728 2554 1055 2614 concedere
1087 2554 1410 2631 rescripsit.

256 2640 360 2699 19.
408 2638 733 2715 Sequuntur
777 2640 1032 2715 viror-um
1074 2638 1394 2719 inlustrium
1432 2644 1680 2710 morteS,
1731 2633 1964 2693 Domitii
2004 2630 2132 2691 Afri

130 2733 186 2785 et
212 2723 292 2783 Μ.
330 2722 599 2799 Servilii,
650 2724 746 2801 qui
779 2724 1010 2783 summis
1039 2720 1358 2782 honoribus
1396 2730 1454 2779 et
1486 2719 1659 2778 multa
1689 2717 2020 2796 eloquentia
2050 2717 2132 2774 vi·
2158 2776 2171 2791 ,
2276 2757 2282 2765 »

130 2808 405 2885 guerant,
428 2805 527 2865 ille
557 2808 775 2870 orando
802 2824 1027 2882 causas,
1059 2806 1342 2865 Servilius
1371 2803 1464 2863 diu
1492 2804 1645 2879 foro,
1675 2820 1811 2862 mox
1840 2799 2133 2861 tradendis

133 2891 311 2952 rebus
344 2888 619 2950 Romanis
650 2890 906 2950 celebris
949 2897 1009 2949 et
1051 2889 1344 2965 elegantia
1379 2890 1564 2965 vitae,
1615 2904 1782 2965 quam
1828 2886 2133 2945 clariorem

134 2976 365 3050 effecit,
384 2982 457 3033 -ut
491 2992 597 3051 par
625 2975 895 3051 ingenio,
926 2975 1005 3032 ita
1032 2990 1253 3031 morum
1283 2973 1566 3032 diversus.
2154 2982 2180 3021 ⁵

134 3086 145 3107 ι
258 3059 363 3121 20.
407 3056 645 3118 Nerone
670 3066 930 3136 quartum
956 3047 1229 3115 Cornelio
1253 3055 1442 3116 Cosso
1469 3055 1802 3119 consulibus
1823 3049 2136 3132 quinquen-

134 3144 265 3203 nale
308 3141 591 3201 ludicrum
618 3141 839 3202 Romae
883 3141 1193 3199 institutum
1238 3148 1328 3199 est
1362 3139 1432 3199 ad
1462 3157 1680 3199 morem
1713 3139 1920 3199 Graeci
1952 3144 2136 3195 certa·

135 3228 335 3304 minis,
381 3229 542 3285 varia
581 3227 768 3302 fama,
816 3233 877 3284 ut
905 3234 1109 3284 cuncta
1141 3224 1326 3283 ferme
1357 3239 1528 3282 nova.
1598 3224 1817 3302 quippe
1850 3228 2012 3280 erant
2044 3218 2138 3295 qui

138 3310 395 3373 Gnaeum
440 3309 1053 3389 quoquePompeium
1092 3310 1409 3367 incusatum
1451 3326 1482 3366 a
1529 3305 1852 3367 senioribus
1894 3305 2138 3391 ferrent,

141 3396 293 3473 quod
322 3412 647 3470 mansuram
668 3393 874 3453 theatri
906 3393 1102 3453 sedem
1133 3394 1445 3471 posuisset.
1507 3408 1635 3450 nam
1658 3398 1825 3449 antea
1854 3386 2138 3472 subitariis
2160 3401 2188 3442 ⁵

141 3480 416 3557 gradibus
468 3487 528 3539 et
566 3486 779 3538 scaena
824 3480 881 3538 in
911 3485 1386 3556 tempus‘structa
1425 3475 1596 3535 ludos
1632 3474 1724 3534 edi
1759 3473 2000 3549 solitos„
2042 3468 2142 3530 vel
