2475 4000
640 291 645 297 .
702 229 912 282 unna
952 207 1046 278 iv.
1093 229 1243 282 cAP
1284 223 1523 284 61-66.
1642 222 1652 234 ’
1834 273 1847 286 ,
1995 221 2113 282 143

119 394 184 444 et
210 382 414 442 medici
447 384 660 461 passim
691 383 981 462 praebiti,¹
1004 383 1222 480 fuitque
1262 385 1399 445 urbs
1442 405 1547 465 per
1586 387 1721 448 illos
1762 387 1885 448 dies
1917 404 2107 465 quam·
2129 402 2181 442 ιο

117 486 292 547 quam
319 476 535 526 maesta
563 467 713 526 facie
743 475 1000 526 veterum
1029 467 1297 526 institutis
1328 461 1556 546 similis,
1601 473 1693 547 qui
1734 489 1939 547 magna
1976 479 2111 548 post

114 551 348 632 proelia
383 551 615 610 saucios
644 549 956 626 largitione
986 560 1044 609 et
1073 568 1206 610 cura
1241 553 1653 613 sustentabant.

247 635 346 695 64.
384 633 646 693 Nondum
688 651 758 694 ea
801 633 998 694 clades
1045 634 1421 712 exoleverat,
1476 655 1602 697 cum
1648 638 1799 714 ignis
1840 637 2109 697 violentia

115 718 323 780 urbem
354 717 502 778 ultra
531 717 760 777 solitum
799 717 1042 794 adfecit,
1090 717 1295 792 deusto
1338 730 1533 781 monte
1565 720 1799 790 Caelio;
1845 720 2107 780 feralem-

117 821 236 882 que
267 819 468 861 annum
498 800 767 861 ferebant⁴
795 811 852 861 et
882 799 1459 863 ominibus-adversis
1489 813 1823 882 susceptum
1865 804 2111 882 principi

117 886 426 947 consilium
453 884 771 960 absentiae,
804 887 899 963 qui
929 904 1054 946 mos
1085 887 1299 963 vulga,
1334 887 1571 949 fortuita
1616 888 1687 948 ad
1732 887 1956 965 culpam
2000 895 2109 946 tra-

115 972 345 1046 henteS,
377 971 433 1028 ni
467 967 684 1028 Caesar
714 968 942 1029 obviam
975 972 1120 1029 isset
1149 970 1454 1031 tribuendo
1493 973 1771 1051 pecunias
1821 989 1895 1030 ex
1940 970 2109 1030 modo
2134 995 2161 1034 5

57 1063 68 1072 ’
116 1053 462 1114 detrimenti.
523 1061 800 1131 actaeque
844 1055 898 1112 ei
927 1063 1126 1130 grates
1172 1055 1327 1133 apud
1374 1066 1629 1116 senatum
1668 1055 1739 1116 ab
1780 1053 2114 1114 inlustribus

113 1139 384 1215 famaque
427 1136 578 1215 apud
622 1137 932 1214 populum,
982 1139 1115 1216 quia
1161 1141 1285 1197 sine
1334 1139 1641 1200 ambitione
1684 1149 1777 1200 aut
1823 1139 2112 1217 proximo-

112 1240 244 1282 rum
273 1219 544 1300 precibus
576 1220 808 1297 ignotos
844 1223 1015 1281 etiam
1047 1230 1106 1281 et
1149 1217 1301 1282 ultro
1348 1223 1573 1282 accitos
1610 1223 1995 1282 munificentia
2035 1222 2114 1279 iu-

111 1313 303 1366 verat.
387 1303 664 1364 adduntur
715 1305 1031 1364 sententiae
1091 1313 1154 1363 ut
1201 1323 1365 1365 mons
1421 1305 1652 1366 Caelius
1707 1309 1763 1365 in
1817 1299 2113 1384 posterum

111 1389 414 1464 Augustus
461 1387 882 1466 appellaretur,
941 1387 1168 1487 quando
1217 1391 1437 1448 cunctis
1482 1392 1697 1449 circum
1737 1387 2111 1465 flagrantibus
2130 1409 2181 1450 ιο

111 1472 252 1534 sola
283 1471 496 1538 Tiberii
527 1471 790 1548 effigieS,
835 1474 941 1533 sita
991 1474 1050 1531 in
1092 1473 1263 1532 domo
1303 1473 1448 1534 Iunii
1486 1473 1803 1556 senatoris,
1837 1471 2111 1531 inviolata

107 1557 446 1617 mansisset.
507 1556 784 1615 evenisse
817 1555 874 1614 id
915 1556 1050 1616 olim
1081 1554 1355 1618 Claudiae
1388 1558 1670 1635 Quintae,
1717 1558 1956 1634 eiusque
2000 1564 2109 1614 sta-

108 1651 276 1702 tuam
303 1641 428 1699 ·vim
469 1641 682 1716 ignium
723 1638 814 1698 bis
853 1639 1108 1720 elapsam
1149 1643 1400 1702 maiores
1454 1642 1607 1720 apud
1663 1640 1866 1701 aedem
1916 1641 2111 1698 matris

109 1725 290 1785 deum
339 1723 796 1784 consecravisse.
866 1733 1102 1785 sanctos
1143 1736 1539 1806 acceptosque
1580 1723 1900 1785 numinibus
1943 1721 2109 1781 Clau-

109 1810 252 1870 dios
285 1816 342 1866 et
367 1807 688 1884 aagendam
720 1809 1122 1868 caerimoniam
1146 1809 1320 1886 loco,
1367 1812 1424 1869 in
1470 1826 1585 1886 quo
1626 1818 1839 1870 tantum
1868 1809 1925 1867 in
1958 1808 2177 1886 prin-15

109 1893 312 1969 cipem
341 1891 623 1953 honorem
654 1891 707 1950 di
744 1891 1136 1953 estenderent.

252 1975 352 2037 65.
386 1974 548 2037 Haud
575 1975 748 2035 fuerit
789 1975 1096 2037 absurdum
1133 1974 1365 2036 tradere
1404 1976 1655 2035 montem
1702 1992 1829 2048 eum
1872 1976 2107 2051 antiqui·

105 2072 216 2122 tus
259 2058 782 2137 Querquetulanum
838 2068 1226 2138 cognomento
1279 2059 1489 2134 fuisse,
1543 2056 1697 2135 quod
1746 2044 1873 2117 talis
1928 2057 2111 2116 silvae

101 2146 398 2221 frequens
421 2141 811 2236 fecundusque
843 2152 983 2218 erat,
1017 2159 1154 2202 mox
1179 2141 1437 2202 Caelium
1462 2140 1850 2223 appellitatum
1876 2158 1907 2199 a
1934 2138 2111 2199 Caele

101 2226 413 2300 Vibenna,
447 2225 540 2302 qui
571 2224 686 2284 dux
718 2228 906 2301 gentis
935 2226 1216 2286 Etruscae
1244 2244 1368 2285 cum
1400 2226 1665 2285 auxilium
1696 2232 1727 2294 †
1760 2224 2110 2321 appellatum

97 2309 387 2383 tauisset,
423 2307 615 2366 sedem
651 2326 776 2367 eam
805 2318 1115 2387 acceperat
1145 2327 1177 2369 a
1209 2309 1519 2387 Tarquinio
1563 2309 1792 2386 Prisco,
1833 2326 1937 2369 seu
1980 2309 2151 2386 quis⁵

103 2393 273 2457 alius
301 2409 501 2467 regum
530 2390 712 2451 dedit.
761 2409 887 2451 nam
927 2394 1249 2472 scriptores
1287 2395 1343 2453 in
1387 2412 1459 2454 eo
1491 2394 1847 2453 dissentiunt.
1914 2401 2109 2451 cetera

103 2494 242 2539 non
289 2474 555 2551 ambigua
599 2464 759 2551 sunt,
805 2495 1040 2554 magnas
1083 2496 1182 2538 eas
1223 2479 1427 2557 copias
1466 2496 1573 2557 per
1615 2476 1786 2554 plana
1828 2476 1997 2534 etiam
2043 2493 2111 2536 ac

103 2564 260 2623 foro
295 2561 618 2638 propinqua
645 2558 1021 2637 habitavisse,
1052 2560 1198 2621 unde
1230 2562 1474 2621 Tuscum
1516 2562 1702 2619 vicum
1749 2578 1782 2618 e
1821 2557 2109 2619 vocabulo

105 2643 472 2705 advenarum
503 2642 729 2703 dictum.

253 2726 352 2788 66.
395 2727 512 2787 Sed
541 2736 602 2787 ut
641 2727 823 2787 studia
865 2744 1172 2805 procerum
1213 2739 1273 2789 et
1313 2730 1543 2806 largitio
1591 2728 1867 2808 principis
1906 2726 2110 2785 adver·

111 2830 253 2873 sum
290 2829 458 2871 casus
487 2812 767 2871 solacium
798 2810 1070 2888 tulerant,
1114 2814 1191 2873 ita
1233 2822 1633 2874 accusatorum
1669 2812 1850 2871 maior
1893 2812 1949 2868 in
1989 2809 2111 2867 dies

113 2904 186 2956 et
231 2894 496 2955 infestior
535 2897 622 2954 vis
663 2897 786 2954 sine
825 2892 1149 2956 levamento
1194 2897 1594 2973 grassabatur;
1641 2897 2113 2972 corripueratque

111 2979 339 3038 Varum
371 2979 729 3055 Quintilium,
762 2979 992 3040 divitem
1022 2988 1080 3039 et
1112 2979 1348 3040 Caesari
1378 2982 1788 3060 propinquum,
1829 2976 2111 3037 Domitius

113 3062 295 3138 Afer,
325 3058 597 3123 Claudiae
625 3063 908 3124 Pulchrae
936 3065 1131 3123 matris
1161 3063 1285 3123 eius
1327 3065 1768 3138 condemnator,
1809 3060 1967 3120 nullo
2011 3060 2107 3119 mi·
2128 3072 2155 3112 ⁵

111 3155 293 3208 rante
334 3146 487 3225 quod
535 3148 628 3207 diu
675 3166 857 3225 egens
908 3156 966 3206 et
1017 3156 1183 3239 parto
1241 3166 1425 3226 nuper
1474 3149 1731 3226 praemio
1778 3143 1926 3204 male
1977 3160 2111 3202 usus

114 3230 294 3310 plura
337 3230 406 3290 ad
448 3231 661 3309 flagitia
709 3232 1129 3315 accingeretur.
1194 3232 1257 3291 P.
1297 3230 1660 3291 Dolabellam
1698 3230 1917 3290 socium
1958 3226 2110 3287 dela-

113 3314 300 3374 tionis
331 3316 590 3383 extitisse
620 3316 898 3376 miraculo
929 3324 1081 3392 erat,
1124 3316 1254 3394 quia
1296 3316 1467 3375 claris
1506 3312 1812 3373 maioribus
1858 3322 1915 3371 et
1953 3313 2113 3372 Varo

117 3415 392 3459 conexus
437 3418 593 3460 suam
632 3401 759 3480 ipse
807 3398 1192 3476 nobilitatem,
1250 3417 1411 3459 suum
1454 3398 1789 3473 sanguinem
1832 3396 2113 3476 perditum

109 3482 266 3543 ibat.
347 3484 554 3543 restitit
594 3492 781 3545 tamen
833 3492 1067 3553 senatus
1118 3493 1175 3543 et
1233 3482 1644 3563 opperiendum
1706 3482 2182 3560 imperatoremm
