2475 4000
694 208 902 254 mmm
941 210 1016 256 11.
1059 208 1208 257 CAP.
1255 206 1515 261 56—61.
2018 197 2096 257 67

93 361 279 436 dere,
326 360 571 439 pedibus
615 364 845 422 intectis
889 370 946 421 et
984 361 1109 441 pari
1137 379 1265 421 cum
1300 361 1534 422 Graecis
1583 364 1818 440 amictu,
1863 362 1927 423 P.
1966 363 2089 423 Sci·
2120 386 2145 425 5

91 443 296 524 pionis
335 444 745 523 aemulatione,
791 463 959 523 quem
999 444 1200 506 eadem
1237 444 1591 505 factitavisse
1636 446 1785 525 apud
1815 446 2104 525 Siciliam,

87 528 356 608 quamvis
387 528 666 605 flagrante
701 528 886 590 adhuc
917 527 1243 588 Poenorum
1274 528 1468 605 bello,
1518 531 1863 607 accepimus.
1926 531 2104 601 Tibe-4

55 616 214 672 sius
254 611 406 671 cultu
452 611 915 690 habituqueeius
950 612 1174 673 lenibus
1200 612 1397 671 verbis
1430 614 1772 691 perstricto,
1816 612 2104 675 acerrime

85 696 386 774 increpuit
429 695 581 773 quod
621 706 822 756 contra
864 697 1114 756 instituta
1143 697 1392 773 Augusti
1422 714 1538 757 non
1572 705 1779 775 sponte
1814 698 2089 777 principis

81 778 503 840 Alexandriam
541 780 856 841 introisset.
931 796 1059 839 nam
1101 776 1399 856 Augustus
1443 780 1591 839 inter
1618 780 1729 840 alia
1762 779 2163 846 dominatio-10

83 866 183 924 nis
248 881 486 939 arcana,
556 864 745 923 vetitis
782 864 899 922 nisi
958 865 1241 941 permissu
1296 864 1523 941 ingredi
1581 863 1947 933 senatoribus
2004 875 2096 925 aut

83 946 384 1027 equitibus
411 946 686 1006 Romanis
725 947 1086 1025 inlustribus,
1131 949 1401 1026 seposuit
1434 947 1798 1025 Aegyptum,
1844 966 1915 1007 ne
1945 948 2095 1009 fame

81 1040 370 1108 urgueret
394 1030 644 1107 Italiam,
675 1031 933 1109 quisquis
966 1049 1091 1091 eam
1123 1032 1479 1109 provinciam
1508 1032 1870 1111 claustraque
1902 1040 2094 1093 terrae

83 1135 162 1176 ac
201 1116 374 1175 maris
416 1116 672 1193 quamvis
715 1114 830 1174 levi
872 1114 1163 1193 praesidio
1209 1114 1514 1175 adversum
1556 1118 1823 1192 ingentes
1871 1118 2110 1175 exerci·‘

83 1210 186 1259 tus
215 1199 549 1257 insedisset.
1546 1207 1557 1215 “
2115 1216 2161 1256 15

219 1282 320 1343 60.
385 1281 503 1341 Sed
574 1280 962 1341 Germanicus.
1015 1282 1263 1342 nondum
1312 1290 1613 1361 comperto
1670 1282 2094 1361 profectionem

83 1384 222 1427 eam
263 1366 512 1424 incusari
556 1363 691 1426 Nilo
749 1357 1209 1441 subvehebatur,
1264 1383 1438 1425 orsus
1484 1365 1702 1445 oppido
1750 1385 1782 1425 a
1830 1365 2091 1445 Canope.

83 1448 406 1511 condidere
443 1448 498 1507 id
533 1450 802 1527 Spartani
847 1448 921 1507 ob
945 1449 1254 1527 “sepultum
1294 1450 1413 1509 illic
1456 1459 1745 1510 rectorem
1790 1452 1953 1510 navis
1982 1448 2091 1511 Ca-

77 1548 336 1612 nopum,
380 1550 489 1610 qua
535 1541 881 1610 tempestate
922 1532 1218 1593 Menelaus
1252 1533 1546 1596 Graeciam
1587 1542 1861 1613 repetens
1903 1534 2089 1594 diver-

81 1636 218 1681 sum
249 1615 319 1675 ad
347 1634 504 1675 mare
529 1625 857 1694 terramque
884 1616 1118 1691 Libyam
1151 1616 1411 1678 deiectus
1441 1623 1549 1678 est.
1608 1618 1739 1677 inde
1772 1620 2093 1697 proximum
2112 1636 2137 1674 5

79 1702 270 1763 amnis
310 1716 377 1759 os
406 1699 648 1760 dicatum
678 1700 952 1778 Herculi,
1000 1718 1168 1778 quem
1200 1700 1504 1779 indigenae
1541 1711 1723 1761 ortum
1756 1701 1907 1780 apud
1936 1720 2002 1761 se
2034 1712 2093 1762 et

78 1783 540 1861 antiquissimum
583 1783 888 1865 perhibent
933 1801 1151 1864 eosque
1200 1787 1295 1863 qui
1327 1793 1534 1863 postea
1562 1787 1687 1863 pari
1718 1786 1926 1845 virtute
1968 1786 2089 1845 fue-

73 1871 204 1929 rint
238 1871 294 1927 in
337 1877 780 1945 cognomentum
821 1870 946 1928 eius
992 1868 1274 1938 adscitos;
1296 1872 1302 1882 '
1324 1886 1460 1927 mox
1487 1869 1621 1926 visit
1653 1877 1911 1927 veterum
1942 1870 2089 1929 The·

75 1954 286 2014 harum
327 1970 532 2029 magna
563 1954 828 2030 vestigia.
910 1961 969 2012 et
995 1952 1300 2014 manebant
1331 1950 1561 2012 structis
1606 1948 1853 2010 molibus
1883 1951 2091 2012 literae
2221 2021 2224 2027 ¹

72 2039 451 2115 Aegyptiae,
494 2039 748 2114 priorem
791 2037 1141 2116 opulentiam
1173 2035 1548 2113 complexae;
1595 2035 1906 2112 iussusque
1936 2053 1967 2094 e
2001 2053 2088 2094 se·
2110 2064 2159 2103 10

71 2120 347 2182 nioribus
393 2120 755 2180 sacerdotum
801 2121 1044 2200 patrium
1084 2136 1407 2180 sermonem
1437 2119 1829 2196 interpretari,
1871 2119 2089 2178 refere-

67 2207 188 2265 bat
228 2199 519 2260 habitasse
565 2202 846 2280 quondam
891 2206 1255 2281 septingenta
1304 2202 1459 2261 milia
1492 2211 1682 2262 aetate
1712 2202 1967 2281 militari,
2010 2212 2089 2264 at-

71 2302 206 2368 que
249 2301 321 2343 eo
365 2301 494 2342 cum
537 2287 794 2345 exercitu
838 2304 1041 2363 regem
1075 2287 1364 2347 Rhamsen
1394 2285 1571 2360 Libya
1615 2287 1927 2366 Aethiopia
1967 2287 2086 2348 Me-

75 2372 296 2447 disque
327 2375 386 2426 et
413 2366 607 2427 Persis
639 2377 696 2428 et
723 2368 1026 2430 Bactriano
1059 2387 1127 2430 ac
1159 2369 1373 2446 Scytha
1402 2373 1641 2450 potitum
1678 2389 1933 2450 quasque
1976 2381 2085 2431 ter·
2115 2414 2131 2431 .

74 2470 184 2514 ras
231 2452 361 2512 Suri
405 2450 778 2529 Armeniique
828 2463 886 2513 et
932 2455 1184 2532 contigui
1239 2453 1623 2532 Cappadoces
1681 2454 1901 2532 colunt,
1956 2454 2157 2522 indeff,

75 2535 420 2611 Bithynum,
464 2535 598 2595 hinc
628 2536 864 2610 Lycium
893 2537 964 2598 ad
991 2557 1149 2599 mare
1179 2540 1423 2617 imperio
1465 2541 1739 2598 tenuisse.
1814 2537 2086 2614 legeban-
2187 2599 2197 2606 ,

77 2632 176 2680 tur
208 2629 269 2679 et
295 2619 505 2680 indicta
535 2620 804 2696 gentibus
832 2620 1072 2700 tributa,
1107 2623 1332 2701 pondus
1362 2625 1588 2700 argenti
1622 2632 1679 2681 et
1707 2623 1863 2698 auri,
1896 2641 2086 2680 nume-

77 2722 184 2763 rus
226 2721 509 2764 armorum
551 2721 946 2782 equorumque
993 2716 1050 2766 et
1095 2707 1245 2768 dona
1285 2707 1519 2786 templis
1558 2705 1703 2765 ebur
1746 2714 1915 2784 atque
1949 2706 2099 2764 odo-s

76 2805 212 2863 res,
257 2805 514 2867 quasque
549 2790 752 2866 copias
783 2789 1046 2848 frumenti
1083 2800 1142 2849 et
1179 2793 1426 2850 omnium
1454 2789 1775 2850 utensilium
1824 2807 2085 2867 quaeque

80 2872 240 2932 natio
287 2871 601 2950 penderet,
647 2871 796 2932 haud
824 2875 1339 2951 minus,magnilica
1371 2892 1541 2952 quam
1578 2893 1726 2934 nunc
1758 2875 1814 2932 vi
1846 2867 2081 2932 Partho-
2104 2893 2155 2932 20

83 2973 212 3015 rum
243 2965 337 3015 aut
366 2959 622 3034 potentia
649 2957 910 3018 Romana
938 2956 1220 3016 iubentur.

216 3039 315 3100 61.
368 3039 634 3100 Ceterum
682 3041 1055 3102 Germanicus
1103 3040 1230 3100 aliis
1268 3059 1497 3119 quoque
1529 3041 1819 3100 miraculis
1849 3039 2087 3100 intendit

81 3125 362 3199 animum,
410 3142 646 3202 quorum
695 3127 1010 3204 praecipua
1054 3124 1217 3183 fuere
1248 3121 1570 3184 Mem'nonis
1612 3143 1789 3196 saxea
1830 3125 2084 3201 efligies,

80 3207 178 3268 uhi
226 3207 402 3268 radiis
445 3209 586 3268 solis
618 3210 734 3270 icta
765 3220 884 3288 est,
926 3208 1190 3270 vocalem
1227 3225 1427 3268 sonum
1460 3208 1741 3284 reddens,
1789 3209 2083 3269 disiectas·

81 3310 197 3370 que
235 3292 386 3350 inter
432 3301 488 3352 et
528 3294 626 3352 vix
668 3296 900 3372 pervias
942 3311 1148 3355 arenas
1191 3294 1370 3352 instar
1410 3294 1679 3350 montium
1712 3291 1951 3350 eductae
1986 3309 2084 3370 py-

77 3375 329 3435 ramides
367 3377 678 3441 certamine
711 3388 770 3437 et
802 3379 1009 3457 opibus
1045 3395 1275 3454 regum,
1326 3377 1601 3453 lacusque
1646 3374 1859 3434 effossa
1892 3375 2083 3452 humo,
2106 3399 2131 3436 5

79 3460 491 3542 superfluentis
536 3460 654 3520 Nili
703 3462 1104 3542 receptacula3
1147 3471 1321 3539 atque
1364 3461 1501 3522 alibi
1544 3461 1839 3536 angustiae
1866 3469 1922 3519 et
1957 3478 2083 3538 pro-

271 3549 278 3554 .
1758 3546 1793 3605 5
1819 3545 1853 3580 ,Β
2020 3557 2031 3563 ,
