2475 4000
374 221 499 283 264
866 229 1193 277 connum
1231 227 1464 274 TACITI
1503 225 1868 275 Amanum

376 385 587 461 Mardi,
629 381 945 444 latrociniis
986 383 1227 442 exerciti
1271 391 1582 460 contraque
1621 383 2039 460 inrumpentem
2083 381 2362 443 montibus
2442 447 2443 458 χ

308 492 357 532 15
378 471 627 537 defensi3
676 486 823 546 quos
854 467 1108 528 Corbulo
1144 467 1393 526 inmissis
1421 466 1650 526 Hiberis
1693 467 1936 526 vastavit
1979 466 2362 548 hostilemque
2442 483 2443 534 ὲ

376 554 669 614 audaciam
703 561 943 612 externo
976 552 1255 627 sanguine
1282 551 1439 610 ultus
1470 558 1578 610 est.

502 636 601 697 24.
644 636 780 716 Ipse
825 635 1231 712 exercitusque
1275 639 1363 693 ut*
1389 634 1558 693 nullis
1599 653 1676 694 ex
1726 623 1952 713 proelio
1995 634 2249 712 damnis,
2291 637 2360 694 ita
2442 661 2443 692 1

347 741 485 801 ¹per
512 722 763 800 inopiam
805 729 861 779 et
891 718 1125 778 labores
1164 714 1545 796 fatiscebant,
1593 718 2101 796 carne-pecudum
2134 719 2360 797 propul·

377 824 508 888 sare
548 805 755 866 famem
804 803 1016 864 adacti:
1070 801 1141 862 ad
1188 802 1302 862 hoc
1347 805 1583 880 penuria
1625 819 1836 881 aquae,
1887 802 2119 862 fervida
2157 811 2358 876 aestas,
2442 799 2443 850 ἐ

376 890 689 967 longinqua
731 889 937 947 itinera
980 886 1105 946 sola
1146 885 1308 946 ducis
1363 888 1636 966 patientia
1678 886 2120 963 mitigabantur,
2171 885 2356 946 eadem
2442 915 2443 920 κ

330 997 355 1036 5
378 974 658 1054 pluraque
688 971 963 1048 gregario
1005 970 1184 1030 milite
1224 971 1544 1030 tolerantis.
1611 977 1841 1030 ventum
1871 970 2085 1032 dehinc
2115 973 2172 1030 in
2201 970 2354 1029 locos

378 1058 566 1118 cultos
597 1057 1016 1132 demessaeque
1048 1063 1318 1132 segeteS,
1351 1063 1410 1114 et
1442 1073 1517 1114 ex
1545 1054 1767 1116 duobus
1801 1050 2092 1132 castellis,
2137 1057 2193 1114 in
2222 1070 2355 1131 quae
2442 1091 2443 1124 p

377 1141 759 1216 confugerant
800 1138 1089 1216 Armenii,
1135 1139 1374 1198 alterum
1419 1141 1636 1218 impetu
1679 1147 1932 1217 captum;
1985 1140 2088 1218 qui
2137 1139 2356 1216 primam
2442 1153 2443 1204 ξ

374 1227 489 1285 vim
522 1224 893 1301 depulerant,
929 1222 1231 1284 obsidione
1265 1232 1567 1300 coguntur.
1625 1223 1774 1282 unde
1807 1225 1862 1281 in
1891 1225 2194 1299 regionem
2223 1221 2354 1280 Tau-

376 1310 675 1382 raunitium
724 1316 1121 1384 transgressus
1175 1309 1531 1386 inprovisum
1582 1307 1899 1386 periculum
1942 1307 2166 1366 vitavit.
2236 1321 2353 1362 nam
2442 1377 2443 1394 ᾖ

308 1413 360 1454 10
378 1393 528 1452 haud
575 1391 778 1469 procul
822 1393 1071 1451 tentorio
1104 1393 1245 1450 -eius
1286 1409 1402 1452 non
1437 1391 1714 1469 ignobilis
1757 1391 2041 1466 barbarus⁴
2082 1408 2204 1450 cum
2238 1386 2352 1447 telo
2442 1399 2443 1460 j

377 1483 645 1554 repertus
690 1473 945 1539 ordinem
991 1475 1318 1534 insidiarum
1359 1493 1538 1553 seque
1585 1484 1878 1560 auctorem
1921 1483 1980 1533 et
2025 1476 2222 1533 socios
2259 1489 2354 1550 per
2442 1467 2443 1474 ’

250 1560 269 1582 “
377 1567 660 1619 tormenta
704 1557 907 1634 edidit,
956 1560 1319 1636 convictique
1361 1569 1418 1618 et
1459 1561 1638 1638 puniti
1683 1568 1810 1618 sunt
1847 1561 1942 1637 qui
1987 1559 2192 1638 specie
2233 1555 2351 1616 ami·

379 1644 544 1702 citiae
580 1640 773 1700 dolum
817 1640 1110 1718 parabant.
1170 1659 1282 1700 nec
1325 1643 1501 1705 multo
1551 1653 1684 1722 post
1725 1644 1902 1720 legati
1949 1642 2352 1720 Tigranocerta

376 1727 534 1786 missi
580 1732 784 1802 patere
824 1727 1059 1800 moenia·
1097 1725 1390 1804 adferunt,
1436 1729 1684 1787 intentos
1729 1726 2030 1805 popularis
2073 1725 2145 1786 ad
2185 1727 2348 1784 iussa:
2442 1745 2443 1802 3

309 1833 358 1874 15
382 1808 547 1871 simul
577 1807 863 1886 hospitale
907 1808 1148 1885 donum,
1195 1827 1466 1870 coronam
1492 1811 1768 1888 ‘auream,
1811 1810 2136 1870 tradebant.
2201 1824 2350 1867 acce-

377 1897 572 1973 pitque
602 1909 727 1950 cum
756 1891 1013 1969 honore,
1042 1910 1154 1951 nec
1178 1895 1480 1972 quicquam
1509 1893 1635 1953 urbi
1656 1895 2002 1970 detractum,
2039 1910 2150 1971 quo
2181 1907 2350 1970 prom·

377 1979 527 2058 ptius
552 1975 888 2055 obsequium
916 1977 1139 2055 integri·
1158 1979 1494 2039 retinerent.

497 2063 599 2123 25.
645 2062 724 2121 At
765 2061 1110 2139 praesidium
1149 2061 1448 2140 Legerda,
1497 2062 1651 2142 quod
1692 2062 1864 2121 ferox
1906 2064 2174 2122 inventus
2213 2058 2347 2118 clan—

323 2178 325 2181 >
378 2154 566 2222 serat,
600 2163 717 2206 non
745 2146 868 2203 sine
904 2146 1217 2205 certamine
1250 2156 1636 2224 expugnatum
1667 2156 1784 2206 est:
1837 2164 1964 2207 nam
1995 2156 2057 2205 et
2085 2142 2348 2225 proelium

366 2246 485 2309 -pro
517 2230 692 2288 muris
730 2230 853 2288 ausi
886 2238 1049 2289 erant
1080 2228 1330 2308 et'pulsi
1361 2232 1504 2290 intra
1534 2230 1875 2291 munimenta
1909 2232 2124 2307 aggeri·
2147 2228 2346 2288 demum
2442 2270 2443 2273 η

376 2322 437 2371 et
464 2314 900 2390 inrumpentium
939 2315 1109 2373 armis
1152 2332 1410 2373 cessere.
1469 2332 1616 2392 quae
1658 2315 1884 2375 facilius
1921 2310 2342 2394 proveniebant,
2442 2320 2443 2373 ζ

233 2376 239 2383 ’
326 2411 353 2449 5
378 2398 524 2476 quia,
551 2396 741 2457 Parthi
782 2396 1053 2471 Hyrcano
1094 2395 1254 2457 bello
1299 2398 1730 2458 distinebantur.
1793 2400 2178 2477 miserantque
2215 2394 2341 2465 Hyr·
2442 2410 2443 2469 ζ

378 2483 503 2540 cani
528 2502 530 2505 ⁴
554 2479 627 2541 ad
678 2482 997 2560 principem
1032 2481 1347 2541 Romanum
1392 2484 1730 2543 'societatem
1772 2491 2025 2559 oratum,
2075 2478 2276 2541 attineri
2309 2490 2341 2531 a
2442 2532 2443 2543 2

294 2570 299 2579 '
375 2564 817 2641 setVologesen
845 2582 952 2643 pro
987 2566 1235 2643 pignore
1265 2568 1546 2627 amicitiae
1581 2575 1957 2627 ostentantes.
2029 2582 2136 2625 eos
2165 2576 2342 2637 regre-
2442 2572 2443 2629 l

376 2648 600 2708 dientes
633 2647 923 2725 Corbulo,
966 2667 1041 2707 ne
1066 2648 1404 2727 Euphraten
1431 2653 1784 2727 transgressi
1811 2651 2060 2711 hostium
2094 2642 2346 2707 custodiis
2442 2662 2443 2725 3

376 2733 957 2809 circumvenirentur,
1018 2732 1151 2791 dato
1194 2734 1484 2810 praesidio
1527 2735 1596 2794 ad
1638 2734 1808 2815 litora
1848 2736 2021 2795 maris
2068 2731 2218 2792 rubri
2258 2725 2342 2785 de·
2442 2746 2443 2791 ὲ

306 2834 355 2873 10
376 2815 566 2893 duxit,
621 2816 771 2875 unde
816 2817 1013 2876 vitatis
1047 2816 1386 2877 Parthorum
1439 2816 1646 2878 finibus
1691 2819 1906 2898 patrias
1952 2820 2009 2876 in
2061 2815 2224 2877 sedes
2261 2827 2344 2869 re·
2442 2874 2443 2895 Ξ

370 2918 662 2961 meavere.

496 2981 597 3043 26.
642 2984 793 3059 Quin
842 2990 899 3041 et
929 2983 1219 3043 Tiridaten
1264 3002 1371 3061 per
1401 2984 1605 3045 Medos
1649 2995 1906 3044 extrema
1945 2984 2244 3044 Armeniae
2272 2980 2342 3035 in-

371 3077 643 3144 trantem,
674 3066 997 3145 praemisso
1030 3085 1157 3126 cum
1186 3068 1412 3128 auxiliis
1440 3069 1742 3129 Verulano'
1766 3069 1996 3145 legato,
2035 3078 2200 3145 atque
2229 3065 2342 3140 ipse

372 3150 701 3229 legionibus
736 3151 897 3225 citis,
931 3148 1091 3209 abire
1123 3152 1326 3230 procul
1359 3143 1440 3212 ac*
1459 3170 1622 3232 spem
1653 3153 1793 3213 belli
1817 3156 2080 3213 omittere
2102 3147 2340 3223 subegit:

374 3248 637 3315 quosque
688 3232 857 3292 nobis
902 3251 1143 3294 aversos
1171 3237 1406 3295 ‘animis‘
1433 3247 1825 3315 cognoverat,
1873 3236 2144 3297 caedibus
2184 3240 2238 3291 et
2271 3230 2338 3286 in·

326 3329 351 3368 ⁵
379 3319 599 3379 cendiis
649 3317 1093 3396 perpopulatus,
1165 3322 1604 3398 possessionem
1660 3321 1974 3388 ,Armeniae
2029 3312 2340 3395 usurpabat,

374 3419 501 3460 cum
546 3401 773 3461 advenit
809 3400 1090 3477 Tigranes
1135 3420 1166 3461 a
1207 3402 1445 3464 Nerone
1487 3406 1557 3465 ad
1607 3405 2026 3485 capessendum
2065 3399 2340 3480 inperium

372 3483 664 3561 delectus,
714 3481 1124 3563 Cappadocum
1156 3504 1231 3545 ex
1270 3486 1596 3567 nobilitate,
1641 3494 1804 3568 reg-is
1834 3488 2109 3549 Archelai
2151 3494 2336 3561 nepot,
