2475 4000
671 173 882 220 menn
905 175 1034 222 311.
1074 173 1220 226 cnr.
1256 170 1497 226 24-30.
1846 145 1851 153 ¹
1907 213 1913 220 ,
1962 159 2089 224 207

83 339 270 391 ventu
299 329 634 392 Chattorum
667 327 969 389 latrocinia
1000 328 1349 404 agitantium.
1425 330 1555 389 dein
1590 326 1656 390 l*
1674 327 1705 367 *
1734 329 2085 408 Pomponius

79 416 324 492 legatus
347 413 654 473 auxiliares
678 412 1012 488 Vangionas
1035 429 1106 472 ac
1125 410 1416 489 Nemetas,
1444 412 1636 473 addito
1644 416 1851 492 equite
1878 411 2083 489 alario,

80 495 2082 644 matutini?titali:tixffittsssstssiz„22512012512552
2102 607 2153 647 ω

81 667 374 744 divisique
408 664 466 723 in
495 663 607 723 duo
637 665 896 741 agmina,
932 665 1026 742 qui
1072 662 1298 724 laevum
1336 667 1447 725 iter
1478 665 1835 744 petiverant,
1874 625 2083 725 recens

79 765 370 814 reversos
397 747 732 827 praedaque
762 765 868 826 per
893 747 1088 806 luxum
1118 765 1257 806 usos
1287 757 1345 808 et
1374 750 1577 810 somno
1604 767 1817 826 graves
1850 749 2082 807 circum-

82 851 328 896 venere.
402 839 567 892 aucta
609 830 855 908 laetitia,
901 829 1056 908 quod
1085 831 1360 910 quosdam
1397 851 1431 893 e
1474 832 1639 893 clade
1667 832 1916 892 Variana
1949 849 2083 924 qua-

83 917 515 996 dragensimum
545 923 679 1013 post
707 931 914 975 aunum
929 913 1180 974 servitio
1213 925 1569 977 exemerant.
1790 943 1795 948 ·

215 1001 320 1062 28.
364 998 441 1059 At
475 1000 570 1077 qui
603 998 820 1058 dextris
849 1007 908 1058 et
937 999 1307 1079 propioribus
1338 1001 1695 1081 compendiis
1732 1002 1945 1076 ierant,
1989 998 2111 1060 ob·-

81 1088 184 1148 vio
219 1085 376 1144 hosti
406 1091 466 1142 et
507 1084 689 1142 aciem
729 1099 870 1142 auso
903 1082 1034 1162 plus
1063 1082 1243 1143 cladis
1277 1083 1533 1162 faciunt,
1571 1094 1631 1143 et
1668 1083 1883 1163 praeda
1912 1045 2087 1146 fama-

84 1188 203 1249 que
250 1169 438 1229 onusti
482 1164 556 1226 ad
597 1175 848 1226 montem
878 1159 1128 1227 Taunum
1172 1176 1569 1244 revertuntur,
1611 1167 1707 1228 ubi
1739 1167 2092 1247 Pomponius

84 1272 220 1314 cum
264 1250 596 1328 legionibus
637 1248 1088 1328 opperiebatur,
1131 1251 1181 1309 si
1218 1249 1407 1312 Chatti
1454 1252 1721 1331 cupidine
1771 1251 2086 1312 ulciscendi

84 1354 291 1400 casum
323 1352 550 1414 pugnae
581 1333 946 1412 praeberent.
1006 1333 1088 1393 illi
1115 1343 1300 1410 metu,
1332 1353 1405 1394 ne
1436 1335 1567 1396 hinc
1601 1336 1924 1412 Romanus,
1956 1336 2085 1394 inde
2104 1361 2131 1402 ι,

83 1420 408 1495 Cherusci,
471 1436 596 1478 cum
639 1419 766 1495 quis
806 1425 1098 1480 aeternum
1139 1418 1501 1498 discordant,
1562 1419 2087 1496 circumgrederen-

81 1517 212 1582 tur,
258 1503 540 1580 legatos
522 1521 578 1561 ιιι
621 1502 822 1560 urbem
851 1511 908 1560 et
937 1501 1174 1562 obsides
1207 1505 1453 1574 misere;
1502 1502 1886 1583 decretusque
1920 1503 2086 1563 Ροιιι-

83 1589 274 1670 ponio
303 1585 658 1685 triumphalis
684 1585 898 1662 honos,
927 1587 1152 1648 modica
1181 1605 1317 1668 pars
1345 1588 1531 1648 famae
1562 1590 1685 1648 eius
1715 1587 1866 1668 apud
1894 1595 2088 1702 poste·

81 1691 226 1747 roS,
264 1673 322 1730 in
355 1671 483 1749 quis
511 1671 819 1730 carminum
821 1630 1032 1747 ‘g’loria
1063 1672 1387 1750 praecellit.

207 1718 318 1817 '29.
361 1755 473 1814 Per
517 1754 668 1814 idem
711 1763 936 1833 tempus
970 1756 1227 1816 Vannius
1272 1755 1482 1816 Suebis
1522 1773 1553 1814 a
1593 1755 1785 1817 Druso
1834 1717 2090 1816 Caesare

81 1839 380 1918 inpositus
413 1839 649 1918 pellitur
677 1855 898 1916 regn0,
946 1841 1128 1918 prima
1177 1840 1403 1918 imperii
1447 1847 1641 1899 aetate
1688 1840 1879 1899 clarus
1920 1857 2087 1899 acce-

79 1935 339 2007 ptusque
369 1922 764 2003 popularibus,
794 1940 931 1982 mox
961 1922 1371 1983 diuturnitate
1355 1941 1411 1981 ιιι
1439 1921 1769 2000 superbiam
1788 1930 2009 1980 mutans
2032 1931 2091 1980 et

81 2008 230 2072 odio
275 2006 637 2084 accolarum,
701 2007 866 2068 simui
915 2006 1247 2067 domesticis
1292 2004 1599 2066 discordiis
1648 2006 2087 2065 circumventus

78 2100 364 2155 auctores
403 2091 566 2151 fuere
616 2090 863 2151 Vibilius
902 2075 1425 2151 Hermundurorum
1478 2107 1584 2149 rex
1638 2098 1697 2149 et
1741 2090 1973 2165 Vangio
2018 2106 2089 2148 ac
2116 2107 2141 2146 s

75 2175 236 2241 Sido
279 2190 482 2233 sorore
518 2175 723 2234 Vannii
768 2174 979 2265 geniti.
1041 2191 1152 2237 nec
1185 2173 1487 2250 Claudius,
1532 2190 1881 2272 ‘quamquam
1909 2190 2087 2252 saepe

77 2266 330 2332 oratus,
366 2274 520 2317 arma
551 2257 899 2317 certantibus
928 2240 1190 2337 barbaris
1221 2258 1600 2337 interposuit,
1652 2267 1827 2318 tutum
1862 2258 2086 2320 Vannio

77 2341 455 2439 perfugium
477 2340 844 2419 promittenS,
909 2342 958 2401 si
1011 2340 1356 2421 pelleretur3
1408 2344 1777 2422 scripsitque
1826 2340 2087 2419 Palpelio

77 2418 323 2501 Histro,
361 2425 458 2503 qui
485 2423 832 2485 Pannoniam
862 2424 1263 2505 praesidebat,
1294 2426 1587 2503 legionem
1614 2428 1858 2504 ipsaque
1893 2442 1925 2483 e
1956 2441 2087 2503 pro-

85 2509 282 2573 vincia
325 2508 478 2568 lecta
519 2507 727 2569 auxilia
767 2526 875 2588 pro
911 2510 1038 2589 ripa
1080 2519 1486 2589 componeret,
1532 2508 1787 2570 subsidio
1823 2508 1991 2568 victis
2030 2514 2091 2565 et
2110 2520 2165 2561 ιο

84 2608 380 2658 terrorem
414 2591 689 2654 adversus
717 2594 1004 2670 victores,
1041 2613 1116 2654 ne
1145 2595 1373 2657 fortuna
1403 2594 1537 2654 elati
1562 2601 1821 2655 nostram
1856 2608 2089 2670 quoque

83 2695 302 2761 pacem
341 2677 652 2738 turbarent.
739 2694 870 2737 nam
909 2678 998 2737 vis
1037 2679 1328 2739 innumera
1369 2678 1533 2755 Lugii
1582 2678 1843 2756 aliaeque
1882 2684 2093 2753 gentes

85 2761 511 2836 a,dventabant
542 2760 692 2821 fama
721 2762 854 2821 ditis
883 2764 1084 2838 regni,
1128 2761 1284 2841 quod
1310 2762 1566 2822 Vannius
1590 2762 1829 2861 triginta
1859 2778 1965 2839 per
1994 2778 2089 2819 an

85 2863 208 2908 nos
239 2838 705 2925 praedationibus
750 2853 810 2905 et
839 2846 1220 2922 vectigalibus
1255 2854 1512 2907 auxerat.
1586 2846 1700 2925 ipsi
1728 2862 1925 2905 manus
1958 2860 2087 2923 pro·

89 2931 226 3011 pria
257 2930 515 3007 pedites,
561 2946 742 3008 eques
773 2948 806 2989 e
841 2930 1115 2990 Sarmatis
1144 2928 1455 3009 Iazygibus
1490 2938 1646 3005 erat,
1686 2930 1870 3006 impar
1898 2927 2156 2987 multi-1⁵
2184 2938 2191 2945 ’

89 3012 279 3075 tudini
305 3013 585 3090 hostium,
619 3030 809 3093 eoque
840 3013 1098 3074 castellis
1133 3032 1269 3074 sese
1297 3013 1602 3074 defensare
1624 2974 1961 3127 bellumque
1990 3010 2087 3071 du-

93 3115 240 3160 cere
273 3106 563 3175 statuerat.

226 3180 324 3243 30.
371 3182 487 3243 Sed
528 3181 776 3261 Iazyges
810 3182 1126 3243 obsidionis
1159 3182 1520 3260 impatientes
1565 3188 1625 3240 et
1656 3181 1954 3277 prosimos
1982 3197 2093 3259 per

97 3284 340 3344 campos
382 3268 515 3343 vagi
570 3266 1051 3328 necessitudinem
1093 3284 1323 3347 pugnae
1370 3263 1645 3340 attulere,
1702 3264 1831 3342 quia
1875 3264 2091 3341 Lugius

95 3349 640 3428 Hermundurusque
680 3351 804 3411 illic
851 3352 1203 3442 ingruerant.
1266 3351 1447 3427 -igitur
1488 3347 1803 3424 degressus
1832 3346 2089 3408 castellis

97 3434 357 3497 Vannius
379 3434 632 3517 funditur
661 3420 919 3513 proelio,
953 3453 1289 3514 quamquam
1316 3432 1491 3496 rebus
1519 3429 1777 3513 adversis
1807 3413 2087 3508 laudatus,
