2475 4000
275 217 392 280 164
772 184 1126 272 *CORNELII
1147 219 1384 268 ‘mern
1404 195 1777 266 Ammmmr

225 405 250 444 s
275 383 502 444 aionem
533 395 649 438 non
687 377 845 437 initia
887 377 1104 452 nostri,
1146 391 1263 436 non
1305 375 1505 457 finem,
1549 389 1664 432 non
1712 371 1959 449 deniqne
2007 371 2281 432 homines

271 467 358 528 dis
391 479 598 529 curam
632 460 765 521 ideo
796 460 1149 521 creberrime
1177 460 1359 521 tristia
1390 460 1449 517 in
1476 457 1701 533 bonos,
1742 456 1892 515 laeta
1926 455 2079 533 apud
2110 456 2280 516 dete·

270 553 462 610 riores
491 563 646 605 esse.
717 553 918 606 contra
948 544 1046 604 alii
1079 544 1257 604 fatum
1298 540 1527 621 quidem
1570 557 1900 618 congruere
1944 539 2123 599 rebus
2173 559 2282 620 pu·

245 617 406 708 'tant,
437 629 542 690 sed
575 647 691 689 non
723 645 756 688 e
786 630 952 707 vagis
989 627 1205 703 stellis,
1247 643 1447 687 verum
1494 624 1646 704 apud
1689 625 1973 703 principia
2000 633 2058 684 et
2088 642 2283 686 nexus

272 715 608 776 naturalium
651 727 984 780 causarum
1043 729 1114 772 ae
1153 720 1345 772 tamen
1386 708 1737 770 electionem
1777 710 1932 768 vitae
1970 709 2143 773 uobis
2186 728 2281 770 re·

206 825 254 865 10
275 800 567 878 linquunt,
607 815 774 875 quam
809 795 906 857 ubi
941 796 1234 872 elegeris,
1282 803 1500 854 certum
1540 793 1945 853 imminentium
1990 793 2281 858 ordinem.

274 901 461 963 neque
509 881 658 944 mala
702 880 800 941 vel
839 880 992 940 bona
1033 897 1182 958 quae
1221 878 1434 956 vulgus
1474 885 1669 956 putet:
1722 876 1963 952 multos,
2010 879 2111 956 qui
2144 895 2283 938 con-

274 968 480 1029 flictari
513 964 776 1026 adversis
809 963 1136 1038 videantur,
1184 962 1425 1038 beatos,
1474 970 1533 1021 at
1577 960 1895 1040 plerosque
1938 976 2287 1041 quamquam

274 1069 512 1129 magnas
544 1067 650 1130 per
682 1066 830 1128 opes
877 1048 1265 1124 miserrimos,
1310 1046 1359 1106 si
1404 1045 1487 1106 illi
1530 1061 1769 1121 gravem
1812 1043 2105 1104 fortunam
2150 1065 2287 1107 con·

278 1144 492 1196 stanter
535 1133 816 1209 tolerent,
871 1131 931 1192 hi
985 1148 1271 1211 prospera
1328 1128 1653 1190 inconsulte
1704 1137 1949 1190 utantur.
2024 1139 2287 1190 ceterum

211 1249 258 1288 15
281 1219 534 1299 plurimis
577 1217 898 1278 mortalium
941 1233 1056 1276 non
1105 1215 1370 1276 eximitur
1413 1215 1549 1292 quin
1588 1214 1773 1292 primo
1816 1213 2103 1291 cuiusque
2161 1224 2281 1276 ortu

279 1313 517 1364 ventura
547 1300 922 1376 destinentur,
961 1299 1065 1360 sed
1097 1299 1375 1378 quaedam
1408 1315 1581 1358 secus
1622 1313 1791 1375 quam
1832 1296 1987 1356 dicta
2033 1299 2142 1358 sint
2184 1316 2275 1358 ca·

277 1389 450 1460 dere,
494 1383 744 1443 fallaciis
789 1386 994 1460 ignara
1035 1383 1377 1443 dicentium:
1435 1384 1512 1442 ita
1556 1382 1844 1459 corrumpi
1892 1379 2070 1443 fidem
2116 1382 2269 1456 artis,

279 1471 442 1530 cujus
496 1467 654 1526 clara
711 1467 1051 1527 documenta
1109 1477 1168 1526 et
1219 1468 1448 1545 antiqua
1498 1475 1657 1526 aetas
1709 1473 1767 1524 et
1814 1475 2018 1527 nostra
2064 1466 2277 1526 tulerit.‘

279 1553 496 1633 quippe
543 1569 576 1612 a
619 1549 740 1610 lilio
787 1549 1048 1610 eiusdem
1088 1550 1379 1611 Thrasulli
1418 1549 1772 1630 praedictum
1807 1549 2069 1610 Neronis
2110 1553 2284 1630 impe·

209 1667 260 1704 20
281 1639 425 1697 rium
475 1637 532 1695 in
584 1644 850 1713 tempore
915 1633 1355 1712 memorabitur,
1423 1653 1497 1694 ne
1546 1651 1697 1694 nunc
1754 1634 1989 1712 incepto
2054 1635 2289 1713 longius

281 1721 540 1781 abierim.

211 1811 275 1866 23
385 1803 506 1864 ·29.
556 1801 746 1861 Isdem
777 1802 1107 1864 consulibus
1153 1803 1339 1863 Asinii
1384 1801 1531 1864 Galli
1574 1819 1729 1862 mors
1772 1800 2075 1879 vulgatur,
2122 1821 2291 1882 quem

281 1895 544 1966 egestate
583 1885 698 1946 eibi
740 1896 1099 1966 peremptum
1142 1887 1295 1948 haud
1340 1886 1597 1963 dubium,
1639 1895 1849 1965 sponte
1888 1885 1989 1945 vel
2028 1891 2290 1948 necessi·

279 1982 428 2050 tate,
477 1972 756 2033 incertum
796 1971 1134 2033 habebatur.
1211 1971 1625 2050 consultusque
1672 1968 1889 2033 Caesar
1928 1989 2001 2032 an
2044 1973 2293 2053 sepeliri

281 2061 517 2133 sineret,
551 2074 666 2116 non
701 2056 928 2116 erubuit
959 2060 1291 2136 permittere
1320 2056 1587 2137 ultroque
1630 2057 1897 2115 incusare
1938 2074 2155 2135 casuS,
2200 2058 2289 2136 qui

237 2160 441 2209 5reum
483 2140 890 2215 abstulissent,
931 2151 1235 2220 antequam
1280 2159 1475 2201 coram
1522 2142 2000 2201 convinceretur:
2060 2143 2291 2202 seilicet

283 2223 474 2285 medio
502 2224 750 2283 triennio
788 2222 1052 2285 defuerat
1090 2236 1315 2307 tempus
1358 2224 1639 2285 subeundi
1681 2223 1947 2285 iudicium
1996 2227 2291 2287 consulari

284 2308 438 2383 seni,
485 2315 572 2366 tot
617 2302 1002 2368 consularium
1043 2312 1289 2388 parenti.
1366 2309 1587 2371 Drusus
1628 2307 1835 2369 deinde
1886 2312 2285 2388 exstinguitur,

285 2409 410 2451 cum
459 2408 524 2449 se
574 2391 915 2452 miserandis
959 2394 1277 2471 alimentis,
1335 2392 1677 2453 mandendo
1710 2411 1747 2453 e
1794 2392 1969 2453 cubili
2008 2404 2275 2468 tomento,

283 2493 494 2535 nonum
532 2474 604 2535 ad
641 2476 792 2537 diem
830 2477 1194 2539 detinuisset.
1262 2478 1555 2539 tradidere
1600 2476 1829 2557 quidam
1853 2481 2277 2558 praescriptum

217 2588 264 2627 10
283 2561 464 2620 fuisse
499 2560 796 2639 Macroni,
841 2563 890 2621 si
917 2580 1074 2623 arma
1117 2562 1188 2624 ab
1231 2564 1445 2626 seiano
1491 2570 1931 2640 temptarentur,
1966 2572 2287 2623 extractum

286 2644 583 2705 custodiae
625 2646 890 2707 iuvenem
934 2649 1094 2726 (nam
1134 2650 1192 2707 in
1236 2648 1454 2707 Palatio
1498 2646 1875 2723 attinebatur)
1930 2646 2147 2709 ducem
2192 2665 2289 2727 po—

284 2729 421 2807 pulo
469 2731 790 2807 imponere.
862 2745 1030 2807 mox,
1090 2733 1220 2809 quia
1276 2747 1469 2791 rumor
1514 2728 1820 2791 incedebat
1858 2731 1991 2793 fore
2040 2742 2107 2791 ut
2153 2751 2297 2792 nuru

283 2832 352 2873 ac
387 2815 590 2893 nepoti
618 2814 1028 2889 conciliaretur
1059 2811 1311 2893 Caesar,
1348 2816 1645 2895 saevitiam
1678 2832 1846 2894 quam
1877 2818 2299 2894 paenitentiam

282 2898 496 2957 maluit.

212 2991 280 3047 24
411 2970 513 3043 30.
571 2982 721 3056 Quin
771 2990 828 3039 et
879 2982 1146 3042 invectus
1203 2984 1263 3043 in
1322 2963 1653 3045 defunctum
1723 2984 1937 3063 probra
1998 2986 2301 3064 corporis,

285 3064 638 3127 exitiabilem
681 3066 738 3123 in
784 3081 952 3142 suos,
995 3067 1277 3129 infensum
1319 3071 1407 3128 rei
1454 3068 1723 3147 publicae
1774 3071 2019 3129 animum
2070 3069 2305 3131 obiecit

282 3152 634 3227 recitarique
691 3149 974 3210 factorum
1023 3150 1421 3232 dictorumque
1476 3154 1601 3213 eius
1656 3152 1947 3231 descripta
1998 3172 2114 3233 per
2166 3154 2303 3215 dies

283 3235 468 3306 iussit,
501 3251 616 3311 quo
650 3250 764 3292 non
793 3233 946 3295 aliud
975 3239 1228 3297 atrocius
1260 3240 1474 3297 visum:
1534 3236 1823 3298 adstitisse
1850 3246 1941 3297 tot
1970 3256 2083 3317 per
2106 3256 2301 3301 annos

235 3344 263 3381 5
284 3319 379 3395 qui
417 3318 661 3394 vultum,
699 3319 978 3397 gemitus,
1017 3321 1309 3383 occultum
1340 3321 1513 3381 etiam
1540 3338 1790 3382 murmur
1822 3322 2200 3400 exciperent,
2240 3332 2307 3383 et

285 3404 545 3477 potuisse
577 3421 743 3463 avum
772 3404 987 3482 audire,
1019 3406 1243 3483 legere,
1275 3407 1331 3465 in
1363 3404 1653 3485 publicum
1690 3423 1956 3487 promere
1989 3407 2091 3466 vix
2120 3406 2305 3485 tides,

283 3483 392 3541 nis'i
447 3484 601 3561 quod
647 3487 787 3548 Attii
840 3491 1193 3549 centurionis
1244 3499 1303 3550 et
1334 3490 1563 3565 Didymi
1606 3491 1803 3577 liberti
1840 3491 2129 3571 epistulae
2164 3510 2308 3555 ser·
