2475 4000
757 261 969 309 menn
992 261 1092 308 111.
1130 261 1279 309 CAP.
1312 260 1485 314 1--7.
1585 226 1595 235 ’
2039 251 2113 313 81

115 417 340 492 tabant,
375 416 698 495 promptius
732 418 1106 494 apertiusque
1141 434 1311 493 quam
1340 426 1402 477 ut
1431 420 1771 499 meminisse
1790 419 2117 497 imperitan-

116 503 252 560 tium
283 502 581 560 crederes.
641 500 780 559 nibil
809 510 999 560 tamen
1030 499 1325 560 Tiberium
1358 504 1543 580 magis
1587 504 1911 580 penetravit
1952 516 2119 580 quam

117 586 300 644 studia
329 586 620 643 hominum
655 601 906 644 accensa
950 586 1005 642 in
1039 583 1449 664 Agrippinam,
1491 604 1618 646 cum
1656 586 1834 645 decus
1874 588 2113 664 patriae,

115 670 302 729 solum
331 669 577 747 Augusti
605 670 976 745 sauguinem,
1020 669 1249 727 unicum
1288 670 1637 748 antiquitatis
1678 671 1973 748 specimen
2016 690 2115 749 ap-

117 754 406 831 pellarent
435 754 710 830 versique
741 753 813 812 ad
847 754 1072 812 caelum
1105 770 1174 811 ac
1218 754 1363 812 deos
1410 756 1691 829 integram
1730 753 1816 814 illi
1857 752 2185 819 subolem10

115 854 184 897 ac
215 838 592 917 superstitem
622 838 946 915 iniquorum
975 846 1375 917 precarentur.

240 923 297 981 5.
343 922 534 981 Fuere
581 922 676 998 qui
720 921 940 999 publici
981 920 1200 980 funeris
1244 938 1513 1000 pompam
1556 922 1923 1000 requirerent
1963 937 2116 985 com-

119 1015 505 1084 pararentque
555 1022 705 1082 quae
747 1006 804 1063 in
847 1004 1095 1065 Drusum
1139 1014 1364 1084 patrem
1408 1004 1729 1065 Germanici
1786 1005 2007 1063 honora
2059 1013 2118 1062 et

115 1091 416 1166 magnifica
448 1088 742 1165 Augustus
770 1089 1032 1149 fecisset.
1081 1090 1269 1168 ipsum
1301 1090 1515 1168 quippe
1559 1091 1879 1167 asperrimo
1916 1086 2119 1147 hiemis
2197 1108 2207 1119 .

115 1173 369 1233 Ticinum
421 1190 604 1249 usque
653 1190 1032 1252 progressum
1081 1192 1275 1251 neque
1314 1172 1723 1233 abscedentem
1779 1190 1812 1233 a
1864 1189 2117 1250 corpore

114 1260 277 1317 simul
307 1256 515 1317 urbem
547 1258 882 1326 intravisse;
928 1257 1305 1335 circumfusas
1353 1258 1512 1317 lecto
1544 1253 1911 1318 Claudiorum
1946 1255 2117 1315 Iulio·
2138 1285 2161 1321 5

115 1361 354 1421 rumque
402 1343 713 1417 imagines;
769 1341 1041 1401 defletum
1083 1343 1140 1400 in
1186 1341 1351 1417 foro,
1394 1340 1682 1405 laudatum
1724 1358 1831 1420 pro
1886 1342 2115 1415 rostriS,

115 1436 318 1485 cuncta
355 1443 387 1485 a
433 1425 742 1485 maioribus
783 1436 1016 1503 reperta
1063 1435 1157 1486 aut
1196 1444 1343 1504 quae
1386 1414 1609 1504 posteri
1651 1426 1972 1497 invenerint
2018 1442 2114 1485 cu-

79 1564 84 1571 .
113 1510 353 1570 mulata:
391 1520 448 1569 at
485 1508 826 1569 Germanico
861 1528 935 1568 ne
966 1511 1174 1571 solitos
1211 1511 1441 1587 quidem
1474 1518 1532 1579 et
1564 1511 1902 1587 cuicumque
1934 1508 2115 1567 nobili

116 1593 342 1653 debitos
373 1595 629 1653 honores
660 1594 997 1677 contigisse.
1087 1600 1224 1655 s‘ane
1266 1612 1478 1673 corpus
1519 1594 1595 1653 ob
1637 1594 2113 1671 longinquitatem

117 1678 378 1738 itinerum
423 1680 680 1763 externis
721 1680 892 1738 terris
936 1696 1170 1759 quoquo
1212 1678 1383 1738 modo
1430 1688 1770 1738 crematum:
1820 1676 1925 1736 sed
1957 1685 2183 1740 tanton)

117 1762 278 1838 plura
307 1764 526 1824 decora
556 1781 692 1822 mox
721 1762 890 1823 tribui
921 1782 1025 1842 par
1054 1764 1234 1823 fuisse
1252 1807 1270 1838 ,
1321 1771 1533 1842 quanto
1574 1765 1757 1839 prima
1786 1762 1908 1820 fors
1938 1778 2113 1837 nega-

117 1848 316 1906 visset.
380 1866 493 1908 non
523 1846 778 1923 fratrem,
815 1848 924 1906 nisi
951 1850 1115 1907 unius
1145 1848 1261 1907 diei
1289 1848 1419 1921 via,
1452 1863 1567 1904 non
1607 1856 1867 1924 patruum
1910 1846 2115 1904 saltem

118 1924 284 2007 por'ta
319 1940 486 1991 tenus
527 1931 776 1991 obvium.
844 1931 943 1990 ubi
987 1932 1086 1991 illa
1129 1940 1395 1990 veterum
1432 1929 1718 2004 instituta,
1758 1930 2117 2007 propositam

116 2023 246 2073 toro
282 2016 559 2092 effigiem,
589 2017 855 2076 meditata
887 2017 966 2076 ad
981 2017 1317 2076 memoriam
1350 2013 1575 2072 virtutis
1606 2013 1854 2072 carmina
1895 2021 1953 2071 et
1994 2011 2113 2072 lau—

117 2098 404 2173 dationes,
437 2109 496 2158 et
527 2100 797 2159 lacrimas
823 2100 920 2159 vel
953 2101 1172 2159 doloris
1205 2094 1595 2158 imitamenta?
2137 2121 2183 2159 15

241 2182 302 2240 6.
353 2180 596 2241 Gnarum
622 2184 675 2242 id
707 2183 942 2243 Tiberio
977 2182 1112 2252 fuit;
1146 2192 1324 2260 utque
1353 2190 1649 2260 premeret
1686 2181 1846 2257 vulgi
1868 2255 1873 2260 ·
1895 2197 2113 2239 sermo·
2182 2206 2192 2217 x

117 2281 258 2337 nes,
303 2266 521 2322 monuit
565 2265 755 2325 edicto
803 2266 1012 2325 multos
1062 2266 1382 2325 inlustrium
1424 2265 1811 2328 Romanorum
1867 2264 1941 2324 ob
1990 2282 2115 2323 rem

117 2346 414 2424 publicam
441 2347 660 2424 obisse,
693 2350 975 2408 neminem
999 2357 1114 2410 tam
1135 2349 1399 2426 flagranti
1420 2349 2113 2412 desiderio·oelebratum.

117 2431 294 2508 idque
329 2441 385 2491 et
415 2432 524 2492 sibi
558 2441 617 2491 et
643 2435 863 2492 cunctis
897 2434 1227 2512 egregium,
1266 2435 1315 2492 si
1347 2436 1551 2494 modus
1592 2431 1937 2493 adiceretur.
2002 2449 2118 2490 non

121 2518 270 2574 enim
305 2517 509 2577 eadem
551 2516 768 2576 decora
810 2518 1162 2598 principibus
1202 2519 1341 2578 viris
1392 2529 1455 2578 et
1495 2518 1826 2596 imperatori
1867 2514 2109 2594 popu10,
2140 2543 2163 2578 ε)

123 2615 268 2675 quae
300 2600 542 2660 modicis
571 2599 836 2660 domibus
867 2612 962 2661 aut
991 2602 1339 2662 civitatibus.
1393 2603 1741 2662 convenisse
1769 2602 1992 2660 recenti
2015 2599 2116 2658 do-

123 2681 231 2742 lori
262 2684 477 2744 luctum
508 2694 567 2744 et
598 2703 674 2744 ex
703 2703 972 2745 maerore
1003 2674 1252 2756 sola'cia3
1298 2687 1404 2747 sed
1443 2686 1811 2746 referendum
1856 2686 1965 2744 iam
1999 2684 2117 2742 ani·

123 2781 266 2826 mum
297 2769 369 2829 ad
399 2770 826 2845 firmitudinem,
877 2779 936 2830 ut
979 2773 1266 2850 quondam
1297 2771 1461 2830 divus
1494 2769 1671 2830 lulius
1708 2771 1917 2830 amissa
1950 2769 2119 2827 unica

127 2849 268 2928 filia,
300 2863 362 2912 ut
392 2855 558 2913 divus
594 2853 890 2932 Augustus
923 2857 1141 2933 ereptis
1173 2855 1483 2933 nepotibus
1528 2854 1905 2914 abstruserint
1944 2854 2115 2918 tris-ti·

123 2933 269 2994 tiam.
324 2939 403 2998 nil
433 2955 582 3016 opus
613 2937 1024 2998 vetustioribus
1059 2940 1379 3018 exemplis,
1420 2940 1685 3018 quotiens
1716 2937 1968 3016 populus
1998 2934 2113 2995 Ro·
2137 2953 2186 2992 ιο

125 3033 315 3081 manus
353 3022 556 3083 clades
585 3023 964 3098 exercituum,
999 3025 1286 3083 interitum
1313 3023 1551 3096 ducum,
1599 3024 1847 3083 funditus
1878 3022 2118 3080 amissas

125 3101 349 3166 nobiles
378 3106 624 3166 familias
656 3116 988 3167 constanter
1021 3107 1247 3180 tulerit.
1314 3109 1606 3186 principes
1648 3105 1959 3180 mortales,
1996 3123 2118 3163 rem

125 3184 410 3258 publicam
445 3201 738 3250 aeternam
771 3209 926 3251 esse.
986 3183 1156 3271 proin
1189 3201 1527 3272 repeterent
1550 3192 1871 3266 sollemnia,
1904 3199 1961 3248 et
1984 3190 2117 3268 quia

129 3265 385 3333 ludorum
412 3273 790 3352 Megalesium
819 3276 1218 3356 spectaculum
1258 3277 1524 3352 suberat,
1578 3277 1744 3336 etiam
1786 3275 2115 3355 voluptates

129 3365 501 3418 resumerent.
2135 3375 2183 3414 ιτ»

247 3439 306 3502 7.
355 3443 496 3503 Tum
532 3455 707 3506 exuto
740 3447 956 3507 iustitio
987 3446 1230 3507 reditum
1260 3445 1333 3506 ad
1362 3448 1579 3524 munia,
1627 3456 1685 3507 et
1714 3447 1937 3507 Drusus
1978 3444 2113 3518 llly-

129 3517 282 3582 ricos
313 3527 386 3586 ad
416 3531 710 3588 exercitus
741 3531 1038 3607 profectus
1069 3540 1192 3608 est,
1228 3533 1442 3592 erectis
1482 3534 1728 3592 omnium
1771 3533 1967 3594 animis
2007 3547 2119 3608 spe

212 3624 392 3671 mern
419 3633 557 3672 mas
589 3632 633 3674 1.
1759 3618 1797 3679 6
