2475 4000
311 213 512 292 mv?
850 239 1391 292 consummas
1435 237 1771 288 emmens.

325 403 632 477 Victor-iaus
662 417 728 473 p.
755 407 922 466 24663
962 403 1093 457 add.
1124 403 1234 459 Cic.
1265 399 1409 456 Phil.
1448 399 1580 469 ΧΠ,
1621 395 1685 471 §.
1718 404 1819 468 22,
1862 397 1957 453 abi
1990 397 2115 453 cod.
2166 399 2349 455 Vatic.

305 504 402 558 pr.
430 503 500 540 m.
533 491 680 542 tenta
709 501 824 558 pro
859 491 1062 542 tentata
1089 485 1269 541 habet.
1332 483 1431 538 Ex
1460 483 1547 538 his
1572 485 1703 540 locis
1729 486 1968 554 apparet
1991 483 2348 554 scripturam

313 573 582 641 temptare
608 585 716 624 non
745 569 880 624 adeo
907 578 1111 624 certam
1139 569 1327 636 videri,
1360 573 1421 622 ut
1443 567 1600 622 hodie
1622 568 1905 638 pleresque
1930 567 2143 622 videliet·
2156 589 2183 627 ,·
2214 585 2349 622 nam

306 657 522 708 constat
553 652 806 709 librarios
841 669 1052 725 pronos
1087 654 1268 725 fuisse
1316 651 1393 706 ad
1432 652 1644 705 literam
1685 667 1721 723 p
1750 653 1893 705 inter
1922 665 1972 704 m
2012 655 2065 704 et
2106 655 2131 704 t
2166 653 2347 708 inter-

300 737 614 808 ponendam
622 755 646 798 ,0
671 738 752 792 sic
786 743 883 806 12,
913 743 984 794 20
1009 739 1161 792 lectio
1195 737 1303 792 hoe
1334 739 1592 806 temptata
1621 741 1743 790 orta
1775 739 1855 788 est
1872 749 1949 788 ex
1966 747 2099 788 vera
2116 734 2347 791 hostem

311 825 461 878 tanta
483 859 499 889 ,
528 825 581 876 et
606 828 670 880 11
689 860 708 890 ,
737 825 806 880 29
829 820 1216 892 ostemptaudo
1248 833 1325 874 ex
1352 820 1703 876 ostentando.
1750 817 1910 872 Raro
1937 819 1995 871 in
2023 817 2109 872 his
2132 817 2348 890 formis

311 904 570 978 librarius
598 904 797 958 codicis
818 902 964 958 Med.
986 905 1162 974 primi
1185 904 1343 957 litera
1366 919 1401 973 p
1432 901 1702 968 abstinuit,
1732 902 1833 956 sed
1860 907 2038 974 tamea
2066 917 2345 958 nonnum-

311 1005 506 1060 quam,
539 993 600 1042 ut
625 993 692 1056 2,
722 992 790 1046 39
832 993 1076 1058 promtus
1106 1003 1309 1055 aures,
1344 991 1413 1055 2,
1442 991 1511 1045 38
1542 1001 1653 1057 quo
1684 985 1965 1057 promeius
2004 985 2349 1043 adversare-

312 1078 432 1141 tur,
463 1079 529 1140 3,
565 1076 630 1131 71
671 1069 927 1142 promisit
960 1067 1099 1146 (pro
1127 1065 1435 1143 promsit),
1472 1075 1537 1138 2,
1573 1073 1639 1129 87
1678 1068 1977 1138 adsumsit,
2006 1074 2073 1138 4,
2108 1075 2176 1128 35
2214 1088 2349 1143 per-

314 1155 473 1223 emti,
524 1160 595 1224 6,
639 1157 706 1212 71
741 1151 932 1210 emitio
977 1157 1067 1230 (p.
1113 1148 1313 1225 emtio)
1370 1147 1379 1232 Ι
1426 1159 1459 1212 9
1494 1153 1714 1224 obligat
1743 1153 1967 1207 Baiter.-
2018 1151 2345 1231 oblegatul

233 1299 244 1309 ,
314 1244 380 1299 12
409 1237 644 1294 clauisio
680 1230 690 1314 Ι
731 1241 794 1296 17
831 1237 1095 1294 uiciniani
2446 1273 2448 1278 -

486 1315 597 1389 16,
638 1327 667 1379 1
705 1321 831 1392 quia
860 1320 930 1375 M
939 1346 955 1376 .·
993 1339 1098 1392 qua
1135 1314 1146 1399 Ι
1184 1328 1219 1381 3
1248 1320 1387 1392 rugii
1426 1313 1435 1398 Ι
1475 1327 1507 1379 5
1536 1319 1765 1377 Flaccus
1794 1321 1871 1376 P.-
1906 1320 2104 1377 attieus
2146 1315 2157 1396 Ι
2194 1328 2235 1381 6
2270 1323 2350 1378 fa-

316 1403 583 1460 miliarum
620 1395 630 1480 Ι
665 1409 701 1462 8
733 1404 1022 1475 participis
1060 1397 1070 1481 Ι
1108 1411 1178 1465 16
1203 1405 1359 1461 urbis
1404 1401 1685 1475 Wopkens

487 1484 597 1555 17,
639 1493 668 1545 1
705 1487 975 1558 profectis
1005 1488 1168 1543 domo
1197 1488 1287 1542 R.-
1317 1484 1621 1560 praefectis
1646 1475 1859 1543 demum
1898 1477 1908 1565 Ι
1944 1493 1980 1546 8
2010 1486 2255 1543 Cilnium
2280 1489 2350 1542 L.-

318 1570 583 1627 cilliuium
622 1563 631 1646 Ι
667 1577 734 1628 15
761 1569 861 1626 XV
884 1570 966 1624 Ε.·
1006 1571 1205 1641 uiginti
1244 1563 1255 1647 Ι
1294 1578 1361 1630 16
1389 1569 1675 1643 ρτοὴαωε;
1728 1569 1953 1643 publico
1982 1569 2037 1626 1>
2068 1572 2357 1632 distinxit,-

317 1660 380 1710 at
401 1655 536 1709 solet
571 1653 792 1708 Tacitus
819 1653 901 1708 sic
936 1655 1080 1708 duas
1110 1657 1403 1710 sententias
1440 1656 1587 1710 nullo
1622 1657 1832 1710 artiore
1859 1655 2075 1710 vinculo
2111 1657 2263 1710 inter
2298 1671 2355 1710 se
2425 1707 2431 1716 ‚

318 1737 669 1794 cohaerentes
698 1740 755 1792 in
785 1753 951 1793 unam
986 1738 1347 1809 confundere.
1962 1761 1969 1766 ·
2084 1737 2091 1745 '

491 1817 601 1893 18,
656 1827 689 1878 2
735 1819 1137 1894 quindecimvir
1171 1824 1227 1878 B
1278 1815 1289 1901 Ι
1341 1830 1377 1883 8
1414 1834 1515 1894 per
1556 1821 1911 1892 magistratus
1964 1822 2193 1898 Wcoll.
2230 1823 2358 1878 Liv.
2460 1853 2462 1858 -

315 1909 417 1975 40,
449 1909 518 1966 29
554 1898 564 1982 Ι
604 1911 672 1967 12
699 1920 918 1978 neque:
967 1923 1111 1965 neve
1147 1907 1205 1962 E
1234 1897 1250 1984 Ι
1289 1914 1356 1967 13
1388 1907 1588 1963 sociali
1622 1906 1779 1962 hello
1808 1907 1939 1960 incl.
1979 1905 2066 1975 Ν,
2104 1905 2268 1962 civili
2302 1907 2356 1962 b.
2462 1925 2464 1932 ¹

316 1988 398 2054 L,-
427 1989 507 2063 of.
533 1991 712 2047 Kiene
747 1990 938 2049 Gesch.
975 1993 1071 2049 des
1096 1989 1775 2065 Bundesyenossenkrieys
1794 2006 1854 2061 p.
1880 1996 1998 2051 311.

489 2073 600 2146 19,
641 2084 674 2135 5
705 2092 776 2131 ex
809 2075 912 2131 Ri:
945 2084 1002 2131 et
1047 2072 1058 2154 Ι
1111 2073 1228 2149 20,
1264 2083 1299 2134 2
1326 2076 1621 2134 caecidere
1672 2068 1681 2153 Ι
1734 2074 1791 2130 G.
1824 2074 2102 2131 Geminius
2134 2074 2218 2130 Ri
2261 2067 2275 2153 Ι
2326 2081 2365 2134 8

317 2174 453 2215 sane
487 2160 536 2215 is
569 2160 656 2214 Fa
687 2164 740 2214 et
762 2158 886 2213 Mr:
928 2177 1096 2217 sanus

485 2237 556 2295 21
584 2284 601 2312 ‚
647 2248 714 2299 12
744 2249 1036 2315 susceptas
1065 2242 1135 2299 M
1165 2240 1174 2305 Ι
1213 2249 1279 2304 17
1309 2243 1595 2315 ambigens
1616 2284 1633 2314 ,
1663 2258 1764 2297 em.
1798 2242 1853 2297 R

487 2318 603 2394 22,
640 2329 676 2382 4
702 2326 906 2381 omissa
943 2318 955 2405 Ι
993 2334 1060 2387 10
1091 2328 1357 2396 reductu,
1390 2342 1489 2383 em.
1510 2328 1655 2387 Hm,-
1686 2326 1765 2398 cf.
1801 2326 1916 2382 Liv.
1950 2326 2091 2393 vll,
2122 2328 2230 2394 27,
2266 2332 2305 2385 3
2350 2320 2363 2401 Ι

322 2412 389 2468 16
422 2412 508 2463 et:
542 2424 610 2465 eo
631 2408 687 2463 P
717 2400 729 2489 Ι
767 2404 879 2479 23,
907 2416 942 2467 2
971 2411 1287 2467 deuenditis
1326 2410 1337 2479 Ι
1375 2417 1441 2468 12
1471 2411 1526 2465 iu
1556 2424 1831 2483 praeceps
1861 2408 1950 2480 M,
1982 2415 2043 2463 at
2067 2424 2117 2464 v.
2148 2413 2207 2482 4,
2238 2414 2312 2469 62
2346 2404 2358 2485 Ι

321 2496 385 2552 17
419 2491 608 2548 emitio
625 2508 718 2565 ⁹ea:
742 2494 931 2565 forma
960 2495 1159 2564 emtio,
1189 2500 1253 2549 ut
1279 2495 1521 2563 videtur:
1548 2512 1599 2549 v.
1616 2509 1795 2567 supra
1822 2494 1901 2548 ad
1927 2508 1977 2547 e.
2004 2500 2070 2551 15

489 2571 602 2648 24,
636 2583 671 2637 3
701 2582 788 2635 est
805 2577 921 2632 Bz:
956 2582 1014 2632 et
1050 2570 1060 2657 Ι
1096 2578 1162 2637 11
1194 2578 1513 2633 interficere
1550 2568 1562 2656 Ι
1600 2583 1667 2638 12
1693 2592 1990 2650 proavum:
2018 2583 2236 2649 patrem
2262 2584 2363 2633 aut

317 2663 481 2716 'avum
509 2660 570 2715 Ν
577 2680 600 2722 ,-
639 2666 697 2715 at
726 2680 776 2718 v.
808 2659 1058 2717 Meinelee
1083 2662 1140 2715 in
1175 2660 1535 2717 vindiciarum
1570 2661 1823 2717 Strabon.
1854 2662 1991 2716 libro
2020 2678 2087 2733 p.
2126 2664 2239 2716 213
2271 2676 2363 2733 sq.

491 2738 570 2798 25
591 2784 608 2812 ,
647 2750 682 2803 3
709 2747 1068 2821 aurariasque
1095 2745 1455 2806 cod.,·‘secuti
1482 2760 1670 2801 sumus
1709 2744 2231 2809 Weissenbornium‚
2263 2749 2369 2817 qui

271 2822 284 2830 “
314 2828 421 2882 *aut
448 2828 795 2905 argeutarias
823 2832 920 2883 aut
945 2828 1214 2885 ferrarias
1247 2830 1584 2885 intercidisse
1612 2830 1921 2900 suspicatus
1948 2834 2029 2884 est
2039 2849 2062 2890 ,·
2103 2830 2363 2885 aurarius

323 2907 685 2983 aurariasque
715 2912 832 2980 Bz‚
868 2912 1117 2969 aurarius
1145 2929 1196 2967 v.
1235 2904 1247 2987 Ι
1286 2919 1354 2972 13
1382 2913 1648 2983 vi,'metu
1685 2912 1733 2969 L

489 2988 604 3065 26,
643 2999 679 3052 4
709 2993 917 3064 exilio,
949 3010 1050 3050 em.
1085 2994 1144 3050 N
1174 2988 1184 3073 Ι
1223 3003 1292 3056 10
1320 3003 1405 3052 est
1432 2999 1563 3054 add.
1592 2997 1650 3052 E

489 3072 605 3147 27,
662 3086 693 3137 1
739 3093 909 3150 super
963 3078 1061 3135 tali
1084 3079 1187 3134 ‘Pi
1232 3087 1459 3152 superta
1516 3076 1528 3159 Ι
1587 3086 1653 3140 12
1697 3084 2072 3154 pauescente‚
2128 3094 2228 3135 em·
2272 3078 2368 3142 B,—

324 3178 633 3235 paveseens
664 3161 754 3218 JG
789 3152 801 3240 Ι
840 3169 1043 3233 quanto
1070 3164 1120 3218 A
1156 3164 1166 3235 Ι
1205 3170 1274 3232 16
1302 3165 1412 3220 uici

489 3240 607 3315 28,
644 3252 680 3306 3
708 3253 892 3303 sectas
937 3246 1130 3303 Wurm
1166 3241 1178 3321 Ι
1213 3253 1249 3305 4
1276 3247 1530 3319 reperias
1560 3266 1661 3320 pr.
1699 3267 1797 3315 m.,
1833 3249 2087 3322 reperies
2123 3248 2247 3303 ead.
2280 3266 2355 3305 m.

324 3344 474 3385 corr.
525 3320 538 3407 Ι
586 3334 619 3389 6
648 3330 984 3386 creberrima
1019 3336 1075 3385 et
1103 3331 1317 3400 tristia,
1364 3346 1465 3385 em.
1504 3333 1583 3395 F,·
1623 3335 1964 3390 creberrima
1994 3339 2053 3387 ut
2081 3331 2264 3387 tristia
2298 3333 2359 3389 in

324 3412 535 3481 honos,
577 3412 652 3469 ita
683 3414 826 3483 laeta
855 3413 945 3485 Η,
994 3414 1333 3472 ereberrime
1372 3420 1427 3470 et
1462 3421 1499 3469 t.
1534 3416 1591 3471 in
1622 3418 1801 3474 bonos
1846 3424 1902 3473 et
1930 3418 2093 3472 ,laeta
2122 3415 2180 3470 E
2224 3408 2235 3494 Ι
2292 3422 2363 3475 16

325 3495 659 3552 distinentur
694 3490 708 3572 Ι
743 3502 808 3554 21
841 3498 1094 3553 aberrem
1121 3496 1188 3551 ΙΙ
1355 3514 1359 3519 ·
