2475 4000
381 233 457 319 18
884 243 1209 290 connnnn
1232 243 1466 304 mom
1489 243 1850 290 ANNALmM

377 401 493 460 ries
528 407 589 458 et
617 397 911 459 saeviendi
940 397 1295 478 principium.
1353 407 1676 476 prostratos
1705 396 2046 456 verberibus
2077 399 2368 478 mulcant,

226 492 235 516 ⁵
333 499 358 537 s
377 483 651 558 sexageni
675 480 951 558 singulos,
986 489 1043 540 ut
1064 499 1355 540 numerum
1382 479 1772 541 centurionum
1795 479 2214 558 adaequarent:
2241 490 2372 541 tum

377 565 685 632 convulsos
720 565 1076 641 laniatosque
1108 572 1166 622 et
1198 565 1401 641 partim
1431 566 1726 623 exanimos
1757 573 1889 622 ante
1909 564 2123 623 vallum
2168 575 2268 624 aut
2303 568 2370 624 in

374 665 591 716 amnem
620 647 877 706 Rhenum
910 647 1207 724 proiciunt.
1273 648 1582 725 Septimius
1606 665 1732 707 cum
1766 647 2120 724 perfugisset
2156 648 2230 706 ad
2259 650 2370 708 tri-

374 731 544 791 bunal
576 731 933 809 pedibusque
968 726 1254 788 Caecinae
1285 729 1712 805 advolveretur,
1745 746 1817 789 eo
1847 747 2030 808 usque
2061 730 2370 807 flagitatus

376 824 493 888 est,
549 814 735 875 donec
781 813 851 872 ad
902 813 1131 872 exitium
1178 812 1506 873 dederetur.
1593 809 2174 888 Cassius‘Chaerea,
2223 833 2370 873 mox

308 922 357 963 10
374 897 553 958 caede
586 897 687 958 Gai
722 895 990 956 Caesaris
1034 897 1363 954 memoriam
1405 897 1554 975 apud
1587 905 1871 975 posteros
1913 896 2192 974 adeptus,
2241 907 2366 957 tum

374 981 715 1041 adulescens
745 977 803 1040 e't
832 980 997 1038 animi
1028 979 1229 1055 ferox,
1275 979 1422 1038 inter
1456 979 1753 1039 obstantes
1796 990 1855 1038 et
1899 989 2148 1039 armatos
2195 980 2370 1040 ferro

372 1065 519 1125 viam
548 1065 842 1142 patefecit.
897 1079 1011 1122 non
1039 1062 1296 1122 tribunus
1326 1064 1494 1139 ultra,
1527 1081 1641 1122 non
1673 1073 1989 1123 castrorum
2023 1063 2366 1140 praefectus
2460 1111 2461 1124 2

374 1148 462 1206 ius
495 1147 761 1209 obtinuit:
803 1146 1066 1223 vigilias,
1098 1148 1376 1206 stationes
1395 1193 1412 1222 ,
1451 1155 1518 1205 et
1549 1149 1598 1206 si
1630 1165 1741 1225 qua
1765 1146 1876 1207 alia
1906 1163 2186 1224 praesens
2219 1165 2370 1206 usus

370 1231 681 1307 indixerat,
718 1231 829 1308 ipsi
868 1229 1276 1308 partiebantur.
1332 1231 1390 1290 id
1431 1231 1706 1290 militares
1754 1233 1971 1290 animos
2015 1229 2189 1290 altius
2221 1248 2369 1290 con-

306 1336 356 1376 15
375 1315 710 1374 iectantibus
736 1315 1105 1391 praecipuum
1134 1315 1398 1373 indicium
1427 1315 1614 1391 magni
1645 1322 1815 1391 atque
1846 1313 2212 1392 inplacabilis
2235 1333 2368 1374 mo·

372 1405 484 1467 tus,
519 1396 672 1472 quod
699 1414 891 1472 neque
922 1397 1149 1456 disiecti
1176 1415 1286 1456 nec
1314 1416 1626 1476 paucorum
1669 1399 1963 1472 instinctu,
2006 1407 2098 1456 set
2137 1401 2368 1475 pariter
2462 1447 2463 1450 η

375 1476 767 1552 ardescerent,
804 1480 1019 1554 pariter
1046 1478 1307 1555 silerent,
1341 1490 1492 1540 tanta
1529 1481 1878 1559 aequalitate
1922 1489 1980 1538 et
2011 1483 2362 1556 constantia,

354 1567 435 1618 uit
462 1562 587 1635 regi
620 1562 916 1621 crederes.
1806 1591 1814 1601 ·

496 1642 594 1703 33.
635 1644 863 1704 Interea
907 1642 1243 1704 Germanico
1288 1664 1394 1724 per
1437 1646 1682 1725 Gallias,
1723 1655 1784 1706 ut
1823 1647 2095 1720 diximus,
2139 1663 2364 1706 census

253 1760 263 1788 ι
375 1725 675 1800 accipienti
706 1728 1037 1787 excessisse
1061 1728 1378 1804 Augustum
1409 1730 1681 1789 adfertur.
1727 1739 1970 1812 xneptem
1993 1731 2113 1788 eius
2141 1730 2360 1810 Agrip-

376 1808 562 1884 pinam
594 1809 651 1864 in
682 1811 1033 1871 matrimonio
1074 1811 1384 1891 pluresque
1415 1831 1489 1872 ex
1537 1832 1605 1873 ea
1647 1812 1865 1872 liberos
1899 1812 2180 1888 babebat,
2221 1815 2362 1892 ipse

374 1889 561 1948 Druso
586 1889 761 1947 fratre
779 1889 988 1953 Tiberii
1011 1897 1256 1972 genituS,
1281 1896 1578 1973 Augustae
1593 1914 1800 1974 nepoS,
1823 1906 1913 1956 set
1935 1897 2134 1956 anxius
2151 1898 2362 1956 occul-

332 2002 356 2041 5
382 1973 532 2033 tisin
556 1989 621 2031 se
646 1971 829 2050 patrui
865 1976 1137 2055 aviaeque
1173 1979 1350 2055 odiis,
1393 1998 1631 2059 quorum
1667 1998 1878 2041 causae
1911 1981 2190 2055 acriores,
2221 1983 2362 2057 quia
2466 2002 2467 2005 ¹

374 2059 619 2135 iniquae.
637 2057 851 2134 quippe
867 2052 1035 2115 Drusi
1048 2078 1247 2138 magna
1265 2083 1296 2123 a
1307 2064 1418 2142 pud
1440 2065 1710 2144 populum
1725 2063 2040 2123 Romanum
2054 2066 2362 2141 memoria,

378 2140 858 2215 credebaturque,
890 2138 939 2196 si
968 2154 1151 2199 rerum
1182 2149 1392 2221 potitus
1421 2148 1609 2224 foret,
1641 2148 1964 2208 libertatem
1994 2147 2362 2215 redditurus;

378 2223 525 2281 unde
554 2223 610 2280 in
648 2220 1042 2281 Germanicum
1072 2222 1234 2283 favor
1250 2238 1322 2286 ‘et
1355 2248 1494 2309 spes
1529 2232 1752 2292 eadem.
1814 2250 1940 2289 nam
1963 2232 2153 2290 iuveni
2177 2231 2362 2289 civile

379 2304 685 2381 ingenium,
716 2304 858 2363 mira
890 2305 1127 2364 comitas
1161 2315 1217 2365 et
1248 2306 1467 2375 diversa
1493 2314 1564 2374 ah
1599 2314 1813 2373 Tiberii
1857 2330 2126 2373 sermone
2167 2314 2360 2393 vultu,

313 2412 362 2453 10
382 2386 787 2465 adrogantibus
820 2397 879 2447 et
908 2388 1190 2447 obscuris.
1252 2394 1602 2457 accedebant
1639 2397 1952 2457 muliebres
1998 2397 2362 2457 offensiones

380 2471 783 2532 novercalibus
804 2470 997 2531 Liviae
1021 2473 1076 2530 in
1101 2470 1478 2548 Agrippinam
1497 2482 1756 2556 stimulis,
1789 2490 1962 2559 atque
1986 2482 2113 2558 ipsa
2137 2480 2360 2559 Agrip-

378 2558 505 2635 pina
548 2556 717 2634 paulo
766 2555 1134 2629 commotior,
1179 2554 1288 2613 nisi
1331 2556 1483 2632 qaod
1523 2565 1780 2625 castitate
1827 2574 1884 2623 et
1931 2566 2113 2623 mariti
2155 2581 2364 2623 amore

381 2640 631 2717 quamvis
658 2639 987 2699 indomitum
1017 2639 1258 2697 animum
1288 2640 1346 2696 in
1367 2636 1580 2699 bonum
1602 2648 1883 2708 vertebat.

502 2724 599 2784 34.
644 2723 761 2781 Sed
794 2721 1162 2782 Germanicus
1190 2729 1404 2799 quanto
1437 2740 1678 2789 summae
1705 2732 1838 2809 'spei
1873 2732 2143 2810 propior,
2190 2739 2359 2789 tanto

380 2807 685 2883 impensius
728 2822 833 2883 pro
874 2805 1107 2864 Tiberio
1137 2805 1268 2877 niti,
1318 2822 1500 2882 seque
1541 2816 1600 2866 et
1639 2816 1928 2886 proximos
1959 2824 2016 2873 et
2045 2814 2360 2890 Belgarum

384 2891 649 2949 civitates*
668 2890 723 2946 in
753 2888 933 2947 verba
960 2890 1084 2947 eius
1118 2884 1314 2964 adigit.
1381 2888 1590 2950 dehinc
1613 2893 1804 2953 audito
1827 2899 2115 2975 legionum
2147 2898 2360 2956 tumul-

381 2984 441 3033 tu
456 2974 666 3051 raptim
692 2971 985 3049 profectus
1016 2970 1215 3033 obvias
1247 2981 1410 3033 extra
1443 2984 1628 3034 castra
1657 2973 1865 3056 habuit,
1885 2982 2128 3041 deiectis
2155 2982 2212 3038 in
2236 2989 2360 3039 ter-

215 3086 227 3097 ·
334 3097 358 3135 5
386 3074 505 3116 ram
537 3054 719 3114 oculis
752 3054 909 3114 velut
940 3056 1309 3133 paenitentia.
1374 3067 1678 3135 postquam
1713 3059 1920 3121 vallum
1948 3065 2100 3138 iniit,
2131 3063 2358 3123 dissoni

385 3147 619 3217 questus
664 3136 842 3197 audiri
884 3154 1159 3216 coepere.
1240 3148 1300 3199 et
1339 3141 1563 3217 quidam
1615 3154 1822 3217 prensa
1861 3160 2021 3206 manu
2063 3148 2186 3205 eius
2244 3166 2362 3225 per

382 3222 637 3301 speciem
672 3220 1046 3280 exosculandi
1078 3223 1440 3283 inseruerunt
1482 3224 1723 3299 digitos,
1769 3233 1830 3283 ut
1867 3243 2044 3289 vacua
2083 3229 2356 3290 dentibus

384 3322 484 3365 ora
543 3303 926 3379 contingeret;
994 3303 1089 3364 alii
1150 3314 1384 3365 curvata
1435 3307 1597 3364 senio
1647 3308 1902 3367 membra
1955 3312 2355 3373 ostendebant.

382 3388 748 3448 adsistentem
778 3388 1135 3467 contionem,
1182 3390 1313 3467 quia
1344 3389 1624 3467 permixta
1665 3390 1996 3465 videbatur,
2047 3393 2356 3457 discedere

315 3473 439 3532 1oin
470 3469 786 3548 manipulos
817 3470 1005 3532 iubet:
1048 3473 1135 3531 sic
1167 3471 1370 3531 melius
1397 3472 1688 3533 audituros
1717 3491 2086 3553 responsum;
2135 3478 2352 3539 vexilla
