2475 4000
753 191 961 238 mmm
1004 193 1078 239 11.
1102 164 1274 239 'CAR
1315 193 1345 244 1
1365 215 1438 224 -—
1454 191 1506 271 s.
2039 183 2118 244 43

110 343 533 412 Arsacidarum
564 347 622 404 vi
651 363 839 443 seque
856 362 1210 424 regnumque
1245 354 1454 404 tutatus
1483 354 1592 420 est.
1653 347 1850 406 occiso
1881 347 2119 414 Artaxia

112 446 215 507 per
250 427 461 487 dolum
492 430 975 508 propinquorum,
1008 427 1173 488 datus
1197 448 1229 488 a
1249 424 1501 488 Caesare
1530 429 1815 489 Armeniis
1838 430 2118 507 Tigranes

112 511 525 609 deductusque
567 514 627 570 in
655 530 897 588 regnum
929 531 961 571 a
990 511 1225 571 Tiberio
1256 511 1512 571 Nerone.
1586 530 1696 571 nec
1728 513 1978 590 Tigrani
1999 515 2188 596 diu-10

112 607 341 664 turnum
374 597 680 688 imperium
718 594 823 654 fuit
852 613 1039 672 neque
1071 595 1266 668 liberis
1297 597 1452 670 eine,
1499 612 1834 673 quamquam
1883 599 2120 658 sociatis

112 696 273 738 inore
308 688 568 739 externo
604 680 660 736 in
692 680 1105 751 matrimonium
1129 697 1504 756 regnumque.

243 763 309 822 4.
341 761 503 840 Dein
542 763 699 820 iussu
732 761 979 838 Augusti
1020 763 1305 840 inpositus
1345 761 1698 823 Artavasdes
1743 771 1802 821 et
1842 779 1956 821 non
1997 765 2117 824 siue

22 813 32 860 ἶ
116 846 283 906 clade
330 835 541 904 nostra
582 844 860 905 deiectus.
938 854 1053 904 tum
1086 845 1260 919 Gaius
1291 844 1507 906 Caesar
1540 845 1976 923 componendae
2012 847 2117 906 Ar—

24 960 32 969 ·
116 931 345 990 neniae
402 929 693 1004 deligitur.
778 931 827 986 is
854 922 1326 1004 Ariobarzanen,
1372 929 1596 1004 origine
1631 929 1892 1004 Medum,
1935 929 2054 988 ob
2039 949 2118 988 ιιι-

116 1018 349 1091 signem
396 1013 666 1090 eorporis
698 1012 936 1076 formam
991 1021 1047 1070 et
1099 1012 1460 1090 praeclarum
1504 1013 1745 1072 animum
1795 1011 2120 1072 volentibus

21 1128 28 1137 ·
114 1097 414 1157 Armeniis
440 1095 744 1173 praefecit.
791 1094 1183 1155 Ariobarzane
1208 1104 1394 1155 morte
1415 1095 1642 1154 fortuita
1665 1095 1964 1174 absumpto
1989 1099 2112 1155 stir-
2138 1119 2163 1158 5

117 1199 261 1260 pem
278 1180 419 1239 eius
447 1177 602 1238 haud
626 1179 985 1247 toleravere;
1018 1187 1409 1257 temptatoque
1441 1179 1734 1238 feminae
1717 1181 1995 1258 imperiO,
2031 1182 2120 1239 cui

21 1262 30 1271 “
116 1281 333 1324 nomen
368 1262 587 1337 Erato,
634 1278 818 1339 eaque
843 1261 1008 1322 brevi
1036 1262 1244 1341 pulsa,
1289 1263 1491 1322 incerti
1523 1261 1811 1339 solutique
1851 1271 1911 1321 et
1937 1267 2120 1340 magis

118 1351 241 1408 sine
274 1346 519 1408 domino
557 1362 723 1422 quam
752 1347 805 1404 in
836 1345 1104 1405 libertate
1132 1345 1438 1424 profugum
1465 1344 1751 1405 Vononen
1783 1347 1842 1404 in
1879 1364 2118 1422 regnum

118 1431 440 1508 accipiunt.
512 1428 615 1487 scd
660 1427 757 1486 ubi
794 1429 1037 1488 minitari
1084 1427 1409 1488 Artabanus
1451 1437 1509 1488 et
1544 1447 1742 1508 parum
1789 1428 2030 1494 subsidii,
2063 1432 2119 1488 in
2227 1421 2232 1436 ¹

118 1512 452 1588 ArmeniiS,
479 1511 605 1587 vel,
630 1513 679 1570 si
700 1521 895 1572 nostra
915 1514 972 1570 vi
998 1511 1432 1587 defenderetur,
1458 1511 1670 1572 bellum
1695 1512 1972 1573 adversus
1983 1513 2116 1574 Par·
2143 1539 2190 1580 10

13 2654 24 2869 ι

118 1601 249 1658 thos
278 1594 622 1655 sumendum
641 1601 812 1672 erat,
860 1604 1058 1654 rector
1088 1596 1288 1656 Suriae
1319 1594 1582 1656 Creticus
1614 1595 1838 1656 Silanus
1876 1597 2141 1656 excitum

120 1681 389 1741 custodia
420 1677 763 1751 circumdat,
792 1688 1055 1751 manente
1090 1679 1225 1738 luxu
1265 1688 1322 1739 et
1348 1681 1516 1755 regio
1545 1680 1790 1739 nomine.
1855 1679 2009 1758 quod
2041 1681 2120 1740 lu-

120 1766 367 1825 dibrium
398 1762 748 1838 uteffugere
784 1763 1084 1838 agitaverit
1115 1764 1394 1823 Vonones
1413 1808 1431 1838 ,
1463 1765 1520 1821 in
1549 1762 1684 1823 loco
1713 1763 2035 1823 reddemus.

244 1850 305 1906 5.
330 1845 625 1905 ·Ceterum
666 1844 897 1904 Tiberio
961 1845 1111 1904 haud
1160 1849 1442 1922 ingratum
1500 1845 1710 1905 accidit
1760 1847 1976 1906 turbari
2024 1867 2122 1907 res

122 1933 395 2008 orientis,
440 1937 503 1988 ut
542 1929 632 1988 ea'
666 1931 867 2008 specie
897 1927 1290 1989 Germanicum
1331 1931 1506 1988 suetis
1550 1927 1877 2004 legionibus
1907 1928 2120 1989 abstra-

124 2017 289 2075 heret
344 2014 631 2091 novisque
679 2014 994 2092 provinciis
1045 2014 1357 2091 inpositum
1398 2011 1534 2071 dolo
1585 2012 1750 2074 simul
1791 2021 1849 2070 et
1894 2011 2124 2072 casibus

127 2094 475 2159 obiectaret.
550 2106 605 2155 at
635 2096 769 2171 ille,
817 2104 1031 2174 quanto
1068 2096 1300 2155 acriora
1328 2097 1388 2154 in
1423 2112 1550 2155 eum
1583 2095 1766 2155 studia
1795 2095 2030 2155 militum
2066 2105 2124 2156 et

128 2200 335 2242 aversa
374 2180 567 2259 patrui
605 2180 903 2256 voluntas,
956 2178 1302 2239 celerandae
1345 2179 1624 2239 victoriae
1664 2180 1965 2255 intentior,
2014 2188 2123 2241 tra·
2147 2195 2170 2234 5

134 2275 287 2325 ctare
328 2264 685 2343 proeliorum
726 2264 850 2323 vias
898 2272 956 2321 et
986 2280 1207 2341 quaes
1178 2261 1288 2321 sibi
1329 2262 1553 2322 tertium
1580 2264 1690 2321 iam
1711 2268 1928 2323 annum
1959 2262 2123 2326 belli-

134 2349 355 2425 gei-anti
388 2364 570 2407 saeva
599 2344 725 2405 vel
724 2364 1011 2443 prospera
1040 2347 1389 2404 evenissent.
1463 2324 1628 2405 fundi
1652 2345 1968 2406 Germanos
1997 2350 2122 2407 acie

134 2443 185 2491 et
209 2432 377 2511 iustis
408 2431 591 2505 locis,
627 2431 806 2488 iuvari
837 2430 1027 2505 silviS,
1063 2427 1396 2507 paludibus,
1425 2428 1589 2489 brevi
1621 2438 1838 2489 aestate
1871 2438 1930 2487 et
1959 2425 2122 2508 prae-

134 2524 343 2575 matura
370 2514 598 2581 hieme3
642 2530 800 2572 suum
838 2512 1071 2572 militem
1109 2512 1257 2571 h'aud
1299 2512 1539 2590 perinde
1584 2510 1916 2571 vulneribus
1958 2530 2124 2609 quam

136 2600 329 2676 spatiis
378 2598 677 2671 itinerum,
723 2596 926 2655 damno
972 2613 1256 2656 armorum
1295 2596 1490 2668 adfici;
1545 2595 1734 2655 fessas
1765 2593 1980 2654 Gallias
2021 2597 2192 2657 mi-10

136 2680 437 2741 nisti-andis
466 2682 663 2758 equis;
706 2679 941 2756 longum
986 2679 1514 2757 impedimentorum
1545 2696 1750 2755 agmen
1786 2686 2124 2754 oportunum

136 2764 205 2823 ad
222 2764 497 2838 insidias,
522 2761 953 2822 defensantibus
976 2763 1243 2840 iniquum.
1309 2771 1368 2822 at
1391 2764 1438 2821 si
1459 2780 1615 2821 mare
1634 2764 1900 2837 intretur,
1934 2778 2122 2838 prom·

139 2857 286 2924 ptam
324 2848 469 2925 ipsis
508 2846 959 2945 possessionem
984 2855 1043 2905 et
1080 2846 1343 2907 hostibus
1375 2846 1658 2922 ignotam,
1705 2844 1868 2904 simul
1910 2842 2124 2903 bellum

138 2934 403 2991 maturius
446 2930 626 3008 incipi
668 2929 1049 3007 legionesque
1090 2938 1149 2989 et
1196 2938 1544 2989 commeatus
1586 2930 1800 3007 pariter
1837 2926 1998 2995 vebi;
2041 2928 2121 2985 in-

12 3012 43 3102 ἦ
142 3022 363 3089 tegi-um
394 3016 645 3092 equitem
688 3030 987 3091 equosque
1032 3030 1138 3090 per
1169 3030 1272 3072 ora
1307 3021 1366 3072 et
1395 3012 1597 3072 alveos
1625 3012 1908 3071 fluminum
1935 3008 2116 3069 media
2143 3025 2191 3067 1⁵

66 3157 78 3173 ‚
142 3098 205 3153 iu
230 3096 527 3157 Germania
556 3097 707 3157 fore.

19 3191 68 3220 ,
65 3194 70 3199 ,

262 3178 317 3239 ὃ.
372 3181 557 3257 Igitur
606 3180 717 3239 huc
772 3180 1039 3255 intendit,
1092 3179 1283 3238 missis
1344 3177 1416 3238 ad
1465 3195 1673 3237 census
1717 3176 2022 3237 Galliarum
2060 3175 2122 3236 Ρ.

12 3248 78 3290 a
146 3262 371 3325 Vitellio
400 3274 461 3329 et
490 3263 557 3323 C.
585 3263 780 3323 Antio.
845 3264 1019 3327 Silius
1048 3272 1105 3323 et
1132 3262 1372 3321 Anteius
1405 3270 1462 3319 et
1485 3258 1732 3319 Caecina
1761 3259 2127 3321 fabricandae

151 3369 153 3371 ’
188 3344 313 3405 lassi
342 3355 791 3427 praeponuntur.
856 3346 1013 3406 mille
1042 3363 1222 3405 naves
1253 3345 1523 3403 sufficere
1563 3344 1725 3403 visae
1755 3352 2125 3422 properatae·

161 3441 163 3443 ’
204 3486 210 3512 3
268 3474 285 3507 ,
314 3430 459 3491 aliae
488 3432 735 3506 hreves,
766 3439 1007 3506 angusta
1034 3430 1211 3510 puppi
1243 3444 1532 3539 proraque
1563 3436 1633 3485 et.
1647 3426 1764 3487 lato
1786 3436 1951 3487 utero
1966 3445 2128 3506 ,quo
2183 3464 2188 3470 -
