2475 4000
386 197 511 260 306
900 203 1226 252 CORNELII
1251 203 1483 250 TACITI
1513 202 1882 250 ANNALmu:

387 361 459 422 de
490 378 601 438 quo
632 377 805 439 supra
833 358 1058 434 rettuli,
1106 366 1400 416 vetustate
1418 354 1681 416 obtusum
1722 357 2063 434 increpans,
2107 358 2379 434 asperari

390 461 532 504 saxo
558 453 615 502 et
644 446 699 502 in
730 459 1063 500 mucronem
1098 441 1404 500 ardescere
1443 442 1609 499 iussit
1644 457 1886 516 eamque
1921 458 2116 500 curam
2155 439 2382 499 liberto

386 526 622 587 Milicho
676 525 979 585 mandavit.
1053 524 1216 583 simul
1270 524 1604 584 adfluentius
1655 522 1829 582 solito
1889 525 2218 583 convivium
2268 525 2378 582 ini-

388 620 537 686 tum,
583 622 882 685 servornm
914 609 1191 668 carissimi
1224 607 1490 666 libertate
1521 615 1580 666 et
1609 605 1702 666 alii
1734 607 1980 684 pecunia
2008 607 2222 667 donati.
2287 617 2378 666 at-

320 716 371 798 ¹.⁰
392 711 501 774 que
544 695 671 772 ipse
720 700 969 757 maestus
1026 700 1083 751 et
1126 709 1368 768 magnae
1428 691 1796 768 cogitationis
1845 691 2179 750 manifestus
2219 696 2382 767 erat,
2445 700 2454 708 '

348 779 643 856 ·quamvis
674 776 942 836 lae-titiam
966 777 1129 851 vagis
1159 774 1517 836 sermonibus
1540 775 1851 834 simularet.
1919 784 2216 853 postremo
2241 773 2378 833 vol·

388 860 619 920 neribus
660 860 965 935 ligamenta
1007 858 1328 957 quibusque
1371 860 1585 917 sistitur
1617 859 1849 934 sanguis
1880 875 2086 934 parare
2123 857 2380 916 eundem

386 943 673 1004 Milichum
713 951 934 1016 monet,
980 942 1103 1000 sive
1146 960 1382 1018 gnarum
1433 929 1840 1003 coniurationis
1883 950 1942 1000 et
1991 941 2130 1001 illuc
2181 958 2381 1017 usque

387 1028 583 1103 lidum,
638 1045 739 1085 seu
780 1027 1035 1084 nescium
1085 1035 1143 1085 et
1182 1034 1316 1084 tnnc
1359 1027 1596 1103 primum
1639 1026 1888 1104 arreptis
1933 1025 2378 1103 suspitionibus,

319 1132 367 1172 ιε
388 1121 449 1171 ut
488 1111 751 1189 plerique
791 1108 1110 1186 tradidere,
1158 1108 1776 1186 deconsequentibus.
1835 1125 1963 1166 nam
2009 1126 2137 1167 cum
2171 1125 2378 1166 secum

388 1195 615 1254 servilis
643 1196 860 1254 animus
897 1195 1147 1270 praemia
1172 1192 1448 1271 perfidiae
1478 1195 1764 1271 reputavit
1792 1191 2072 1270 simulque
2109 1195 2378 1250 inmensa

386 1279 631 1356 pecunia
674 1286 731 1335 et
776 1277 1032 1354 potentia
1082 1275 1566 1352 obversabantur,
1617 1277 1796 1335 cessit
1841 1277 1931 1336 fas
1979 1279 2039 1335 et
2080 1276 2240 1334 salus
2271 1293 2378 1354 pa-

386 1363 535 1421 troni
575 1369 635 1419 et
681 1368 960 1438 acceptae
1003 1359 1284 1418 libertati-s
1317 1361 1610 1418 memoria.
1661 1359 1872 1418 etenim
1903 1360 2102 1418 uxoris
2135 1376 2378 1436 quoque

387 1444 687 1504 consilium
725 1442 1121 1522 adsumpserat
1160 1442 1440 1502 muliebre
1489 1461 1558 1502 ac
1614 1439 1909 1502 deterius:‘
1957 1444 2174 1521 quippe
2217 1442 2378 1501 ultro

317 1545 369 1584 20
388 1536 591 1585 metum
635 1525 977 1602 intentabat,
1030 1525 1358 1604 multosque
1405 1525 1692 1586 adstitisse
1735 1525 1980 1586 libertos
2025 1544 2094 1585 ac
2141 1543 2380 1602 servos,

390 1612 482 1688 qui
508 1609 710 1669 eadem
732 1608 1005 1677 viderint3
1040 1609 1178 1668 nihil
1203 1609 1564 1706 profuturum
1577 1611 1738 1668 unius
1761 1609 2080 1678 silentium,
2067 1632 2080 1644 ·
2119 1618 2176 1668 at
2199 1627 2381 1687 prae·-

387 1695 495 1752 mia
528 1710 711 1770 penes
738 1709 905 1750 unum
934 1692 1064 1750 fore
1079 1693 1221 1769 ,qui
1255 1692 1475 1751 indicio
1498 1694 1913 1770 praevenisset.

514 1777 613 1836 55.
650 1775 829 1851 Igitur
860 1783 1069 1853 coepta
1097 1774 1228 1834 luce
1255 1775 1562 1835 Milichus
1532 1795 1603 1835 ιιι
1626 1775 1828 1836 hortos
1847 1775 2204 1835 Servilianos
2237 1793 2380 1853 per·
2429 1793 2436 1805 ¹

388 1862 499 1937 git;
542 1868 599 1919 et
635 1877 761 1918 cum
788 1857 1009 1926 foribus
1044 1867 1358 1935 arceretur,
1388 1876 1595 1936 magna
1628 1867 1686 1918 et
1709 1860 1926 1919 atrocia
1949 1852 2180 1918 adferre
2207 1859 2378 1918 dicti-

358 1953 513 2005 tans
554 1943 943 2021 deductusque
986 1941 1057 2003 ab
1107 1943 1444 2003 ianitoribus
1497 1942 1568 2003 ad
1617 1941 1879 2002 libertum
1924 1942 2176 2003 Neronis
2215 1941 2380 2021 Epa-

387 2028 727 2109 phroditum,
757 2044 893 2085 mox
924 2026 995 2086 ab
1029 2044 1101 2085 eo
1136 2027 1206 2097 ad
1234 2026 1556 2103 Neronem,
1593 2044 1845 2103 urguens
1867 2026 2206 2126 periculum,
2235 2044 2376 2104 gra-

274 2174 281 2183 ,
341 2136 366 2175 5
389 2131 495 2171 ves
548 2112 873 2171 coniuratos
918 2118 975 2169 ct
1033 2120 1232 2169 cetera
1280 2128 1427 2189 quae
1479 2110 1736 2170 audierat
1785 2118 1898 2171 aut
1940 2112 2380 2170 coniectaverat

387 2196 576 2253 docet.
637 2193 811 2253 telum
859 2211 1088 2271 quoque
1134 2196 1189 2252 in
1233 2209 1438 2254 necem
1483 2196 1604 2253 eins
1639 2204 1896 2272 paratum
1925 2185 2180 2254 ostendit
2219 2194 2376 2254 acci-

385 2280 549 2355 rique
592 2296 750 2336 reum
791 2278 973 2335 iussit.
1032 2279 1081 2335 is
1127 2284 1325 2357 raptus
1370 2296 1476 2358 per
1513 2277 1722 2337 milites
1755 2286 1812 2337 et
1845 2279 2250 2338 defensionem
2283 2295 2374 2337 or-

338 2426 346 2433 ,
386 2378 516 2437 sus,
565 2362 810 2435 ferrum,
857 2360 1015 2419 cuius
1048 2370 1428 2437 argueretur,
1462 2361 1598 2420 olim
1626 2361 1910 2437 relig-ione
1941 2364 2124 2441 patria
2163 2362 2376 2421 cultum

386 2453 443 2504 et
472 2446 528 2503 in
560 2443 825 2503 cubiculo
861 2443 1109 2503 habitum
1144 2462 1213 2503 ac
1241 2444 1444 2504 fraude
1467 2444 1662 2503 liberti
1684 2443 2016 2523 subreptum
2044 2445 2374 2524 respondit,
2464 2458 2465 2485 ὲ

316 2550 365 2591 ιο
384 2527 605 2587 tabulas
644 2529 965 2588 testamenti
1006 2528 1235 2605 saepius
1280 2546 1312 2587 a
1341 2546 1406 2587 se
1441 2537 1498 2587 et
1530 2529 1874 2608 incustodita
1907 2530 2124 2589 dierum
2169 2529 2373 2588 ohser-

387 2613 613 2671 vatione
658 2614 930 2687 signatas,
983 2614 1268 2691 pecunias
1315 2621 1371 2670 et
1401 2612 1702 2678 libertates
1734 2615 1921 2672 servis
1961 2622 2018 2672 et
2051 2622 2187 2672 ante
2214 2612 2374 2671 dono
2464 2678 2465 2699 ἦ

384 2695 565 2770 datas,
600 2695 702 2754 sed
730 2695 863 2754 ideo
897 2704 1029 2755 tunc
1057 2694 1295 2771 largiuS,
1321 2697 1455 2772 quia
1490 2696 1643 2753 tenui
1672 2697 1786 2755 iam
1813 2714 1878 2755 re
1907 2695 2174 2757 familiari
2201 2706 2262 2756 et
2290 2699 2373 2754 in·
2464 2772 2465 2775 Ἴ

384 2778 663 2839 stantibus
694 2778 1075 2838 creditoribus
1104 2787 1448 2838 testamento
1473 2778 1779 2837 diffideret.
1841 2782 2136 2839 enimvero
2159 2780 2376 2839 libera—

382 2864 479 2922 les.
514 2880 744 2940 semper
790 2862 993 2939 epulas
1032 2864 1342 2939 struxisse,
1395 2872 1455 2921 et
1483 2864 1655 2922 vitam
1687 2880 1981 2923 amoenam
2011 2872 2070 2922 et
2102 2863 2262 2923 duris
2294 2864 2376 2922 iu·
2464 2896 2465 2939 ἢ

316 2973 365 3012 15
384 2946 603 3006 dicibus
628 2964 821 3025 parum
848 2945 1164 3023 probatam.
1220 2948 1472 3006 fomenta
1496 2945 1832 3007 volneribus
1861 2948 2014 3007 nulla
2047 2948 2212 3007 iussu
2243 2965 2377 3023 suo,
2464 2944 2465 3023 f

300 3033 310 3037 “
383 3030 485 3089 sed
530 3032 660 3108 quia
703 3038 900 3089 cetera
945 3029 1131 3108 palam
1176 3048 1322 3090 vana
1363 3028 1711 3107 obiecisset,
1773 3030 2090 3112 adiungere
2135 3034 2374 3105 crimen,
2464 3026 2465 3051 ¹

268 3138 275 3143 ·
385 3115 542 3173 cuius
586 3130 718 3172 sese
777 3115 995 3190 pariter
1038 3113 1282 3173 indicem
1317 3122 1375 3173 et
1418 3123 1624 3174 testem
1668 3114 1912 3177 faceret.
1973 3114 2149 3174 adicit
2205 3116 2373 3175 dictis
2464 3144 2465 3153 ι

385 3199 782 3260 constantiam:
810 3198 1031 3256 iucusat
1052 3197 1202 3257 ultro
1225 3197 1609 3265 intestabilem
1634 3208 1693 3257 et
1717 3190 2200 3275 consceleratum,
2222 3206 2378 3260 tanta
2464 3224 2465 3231 ι

386 3283 549 3339 vocis
579 3298 646 3340 ac
676 3278 864 3339 vultus
896 3279 1234 3358 securitate,
1265 3291 1326 3341 ut
1354 3280 1578 3342 labaret
1611 3282 1905 3359 indicium,
1937 3284 2046 3341 nisi
2075 3280 2374 3343 Milichum
2464 3306 2465 3319 ι

312 3380 366 3421 20
387 3380 532 3422 uxor
560 3364 949 3423 admonuisset
978 3364 1286 3424 Antonium
1317 3364 1578 3425 Natalem
1608 3366 1941 3426 multacum
1975 3367 2272 3428 Scaevino
2307 3383 2376 3424 ac

292 3496 299 3508 ,
384 3455 617 3507 secreta
646 3446 1009 3507 conlocutum
1037 3457 1095 3507 et
1125 3466 1259 3509 esse
1292 3458 1569 3526 utrosque
1603 3448 1668 3509 C.
1700 3449 1924 3510 Pisonis
1951 3452 2207 3511 intimos.
