2475 4000
810 207 1017 277 menn
1040 207 1103 254 v.
1142 201 1296 257 eff.
1326 206 1360 258 2
1378 229 1452 242 ——
1468 207 1520 260 5.
2027 199 2140 262 151

165 359 481 421 descivisse
511 359 816 440 populum:
848 361 1026 421 audiri
1054 362 1164 422 iam
1195 370 1254 422 et
1283 361 1403 440 legi
1433 379 1614 424 novas
1647 365 1965 444 contiones,
1995 383 2153 428 nova⁴

170 452 384 525 patrum
416 444 707 514 consulta3
750 445 883 524 quid
924 445 1206 524 reliquum
1249 447 1356 506 nisi
1405 456 1466 508 ut
1515 457 1799 527 caperent,
1818 449 2032 510 ferrum
2067 460 2140 528 et,

169 544 399 606 quorum
426 528 705 605 imagines
736 547 845 608 pro
878 529 1109 590 vexillis
1145 531 1330 590 secuti
1359 530 1588 608 mrem,
1619 531 1800 592 duces
1839 535 2140 614 imperato-

162 630 373 690 resque
407 610 773 689 deligerent?
1449 613 1452 621 '

276 697 334 755 5.
390 696 571 772 Igitur
614 695 832 757 Caesar
873 698 1137 776 repetitis
1179 697 1484 758 adversum
1537 709 1810 778 nepotem
1849 710 1907 761 et
1946 719 2142 762 nurum

162 779 384 858 probris
415 781 813 866 increpitaque
850 799 958 860 per
986 780 1466 860 edictum‘plehe‚
1499 793 1734 862 questus
1764 784 1917 864 apud
1945 794 2140 862 patres

161 863 305 940 quod
344 863 544 925 fraude
576 865 739 924 unius
788 865 1074 927 senatoris
1126 863 1495 946 imperatoria
1536 868 1805 928 maiestas
1849 868 2006 927 elusa
2041 887 2137 947 pu-

160 945 301 1006 blice
350 948 541 1024 foret,
584 950 813 1025 integra
854 958 1043 1008 tamen
1086 949 1194 1008 sibi
1221 955 1430 1012 cuncta
1459 952 1789 1030 postulavit.
1856 968 1964 1011 nec
1993 951 2138 1011 ultra

160 1029 528 1092 deliberatum
562 1045 675 1110 quo
705 1033 886 1093 minus
917 1050 1035 1092 non
1070 1033 1302 1110 quidem
1329 1043 1584 1095 extrema
1629 1035 2010 1096 decernerent
2051 1035 2138 1109 (id
2161 1043 2187 1082 ⁵

159 1116 296 1174 enim
330 1117 635 1194 vetitum),
674 1115 777 1176 sed
808 1124 1043 1196 paratos
1074 1116 1147 1177 ad
1176 1116 1450 1177 ultionem
1482 1121 1537 1176 vi
1569 1120 1846 1200 prIncipis
1877 1113 2139 1198 impediri

157 1206 514 1260 testarentur.

557 1742 1219 1878 CORNELII
1279 1797 1744 1878 TAGITI

654 1957 745 2023 AB
789 1955 1091 2025 EXCESSU
1133 1957 1279 2021 DIVI
1321 1956 1619 2023 AUGUSTI

444 2082 1837 2191 ANNALIUM

879 2264 1213 2331 LIBER
1258 2264 1381 2327 VI.

153 2575 567 2630 BREVIARIUM.
626 2575 745 2641 Cap.
778 2577 824 2627 12
859 2576 1040 2641 (=V,
1066 2576 1155 2641 6.)
1192 2577 1407 2628 Seianus
1441 2578 1633 2626 detecta
1669 2574 1902 2639 cupidine
1934 2574 2130 2641 imperii

208 2646 513 2715 pervertitur
534 2682 547 2705 ,
606 2646 775 2695 2—4.
832 2660 945 2695 cum
990 2660 1179 2712 magna
1222 2648 1496 2709 amico-rum
1549 2652 1734 2709 strage.
1809 2642 1861 2695 5.
1907 2637 2130 2689 Pseudo-

206 2718 429 2767 Drusum
474 2714 792 2787 persequitur
838 2714 1101 2781 Poppaeus
1150 2714 1383 2765 Sabinus.
1465 2713 1513 2763 6.
1559 2710 1821 2762 Discordia
1869 2710 2128 2761 consulum

154 2786 161 2799 '
208 2786 263 2835 L.
299 2782 515 2833 Fulcinii
548 2781 745 2830 Trionis
786 2790 835 2831 et
865 2782 921 2833 P.
958 2782 1179 2833 Memmii
1215 2780 1414 2849 Reguli.
1475 2783 1524 2844 7.
1548 2780 1756 2831 -Tiberii
1797 2778 1976 2828 foedae
2016 2777 2136 2825 libi-‘

209 2855 369 2903 dines.
434 2849 483 2899 8.
530 2852 588 2899 In
620 2848 789 2899 Seiani
834 2861 883 2901 et
923 2852 1095 2903 Liviae
1134 2855 1428 2903 memoriam
1470 2852 1702 2900 saevitur.
1761 2846 1973 2912 Togonii
2004 2845 2128 2893 adu-
2175 2898 2180 2902 ,

210 2923 447 2971 lationem
476 2919 711 2983 princeps
739 2920 928 2981 irridet,
958 2920 1009 2971 9.
1046 2918 1284 2971 Gallionis
1315 2920 1537 2983 increpat
1557 2927 1604 2967 et
1617 2918 1774 2983 punit.
1797 2914 2125 2965 Paconianus.

214 2988 294 3039 10.
327 2985 564 3037 Latiaris,
596 2978 871 3037 Discidiu'm
898 2989 1161 3047 consulum
1193 2988 1336 3037 sedat
1356 2986 1620 3036 Maximus.
1657 2986 1738 3035 11.
1773 2983 1914 3034 Cotta
1939 2980 2129 3031 Messa—

211 3058 342 3106 linus
370 3064 651 3104 accusatus.
678 3055 758 3105 12.
786 3056 968 3107 Tiberii
994 3045 1276 3114 confessi03
1303 3064 1627 3118 tyrannorum
1655 3053 1845 3103 occulta
1866 3048 2123 3113 supplicia.
2189 3064 2194 3069 ·

213 3126 293 3176 13.
324 3123 639 3174 Caecilianus
654 3160 667 3184 ‚
700 3124 971 3184 Servatam,
1004 3122 1249 3172 Thermus
1279 3124 1524 3171 damnati?
1579 3122 1864 3171 Delationes
1903 3118 2123 3167 crebrae.

215 3195 295 3243 14.
327 3192 409 3243 15.
445 3191 509 3240 M.
545 3192 823 3255 Terentius,
857 3195 919 3244 ob
950 3192 1118 3241 Seiani
1144 3190 1417 3239 'amicitiam
1440 3198 1719 3248 accusatus,
1755 3187 1960 3253 egregie
1991 3192 2038 3233 et
2065 3185 2127 3233 li-

214 3264 331 3311 bere
374 3275 431 3310 se
462 3260 687 3309 defendit
728 3270 777 3311 et
802 3261 1091 3311 absolvitur.
1140 3259 1372 3309 Vistilins
1403 3274 1457 3307 se
1493 3258 1743 3307 interimit.
1797 3254 1972 3303 Plures
2014 3268 2128 3318 gre-

216 3332 371 3396 gatim
404 3330 642 3377 accusati..
2196 3372 2200 3377 ,

318 3396 398 3449 16.
448 3396 505 3446 L.
532 3393 729 3447 Pisonis
753 3396 1005 3462 pontificis
1034 3408 1171 3444 mors
1198 3402 1246 3443 et
1277 3394 1446 3443 funus,
1497 3392 1578 3443 17.
1609 3390 1960 3441 Praefecturae
1988 3390 2127 3439 urbis

218 3468 359 3533 origo
390 3475 439 3516 et
471 3480 793 3531 progressus.
852 3464 931 3515 18.
964 3465 1037 3530 De
1064 3462 1324 3527 Sibyllinis
1345 3462 1651 3511 carminibus
1682 3460 1993 3511 consultatio.
2043 3458 2128 3509 19.
