2475 4000
1816 107 1837 136 Χ

701 229 910 276 LIBER
931 228 1052 275 ΧΠ.
1079 220 1489 285 caeso—35·
1552 301 1559 308 .
1968 208 2089 276 209

87 387 354 462 veniret,
405 384 633 444 colonia
664 379 1110 440 Camulodunum
1141 372 1329 431 valida
1361 369 1764 434 vetet-anorum
1792 392 1957 436 manu
1990 379 2086 438 de-
2146 426 2151 430 .
2180 407 2187 418 κ

87 471 319 531 ducitur
345 470 404 526 in
433 483 610 542 agros
645 461 939 535 captivos,
973 455 1287 515 subsidium
1317 453 1593 515 adversus
1620 456 1875 518 rebelles
1919 471 1979 520 et
2005 465 2085 522 in·

90 552 335 614 buendis
366 551 544 608 sociis
569 540 650 600 ad
681 540 874 600 officia
907 540 1120 616 legum.
1157 597 1162 600 ,
1453 547 1468 554 ‘
1730 563 1741 568 *

216 634 317 696 33.
364 621 508 686 I‘tum
540 624 672 684 inde
715 624 774 681 in
815 622 1068 699 Siluras,
1113 640 1291 701 super
1332 624 1625 701 propriam
1658 624 1937 685 ferociam
1978 627 2083 694 ca-

85 717 271 776 rataci
303 708 523 768 viribus
555 707 834 782 confisos,
875 721 1043 784 quem
1071 705 1257 767 multa·
1281 705 1565 784 ambigua,
1595 707 1771 768 multa
1802 725 2083 788 prospera

77 793 435 868 extulerant,
473 799 534 849 ut
567 799 802 849 ceteros
831 788 1233 850 Britannorum
1263 791 1651 869 imperatores
1680 793 2083 870 praemineret.

79 877 190 938 sed
240 884 356 934 tum
406 882 532 934 astu
584 874 846 933 locorum
893 872 1145 952 [fraude]
1188 875 1379 952 prior,
1430 877 1487 934 vi
1540 876 1775 935 militum
1827 876 2084 956 inferior,

77 958 361 1022 transfert
393 955 608 1019 bellum
638 958 696 1016 in
735 956 1080 1035 Ordovicas,
1113 957 1433 1037 additisque
1469 961 1565 1036 qui
1596 976 1801 1038 pacem
1830 968 2083 1025 nostram
2104 987 2133 1025 ⁵

73 1041 438 1118 metuebant,
471 1042 846 1102 novissimum
877 1059 1070 1102 casum
1105 1042 1425 1120 experitur,
1462 1051 1690 1122 sumpto
1712 1043 1782 1102 ad
1805 1045 2087 1122 proelium

71 1131 250 1207 loco,
300 1133 362 1186 ut
387 1124 606 1202 aditus,
640 1126 985 1201 abscessus,
1030 1134 1236 1186 cuncta
1265 1125 1433 1185 nobis
1461 1127 1765 1207 inportuna
1798 1137 1857 1188 et
1884 1130 2000 1188 suis
2028 1131 2087 1189 in

69 1212 288 1273 melius
319 1219 541 1288 essent,
584 1209 719 1269 hinc
749 1209 1036 1269 montibus
1067 1209 1289 1286 arduis,
1338 1217 1397 1269 et
1422 1211 1471 1270 si
1504 1228 1615 1288 qua
1648 1211 1963 1270 clementer
1993 1230 2085 1273 ac·
2125 1247 2135 1254 κ

72 1295 212 1358 cedi
247 1301 547 1374 poterant,
593 1295 650 1353 in
691 1293 920 1354 modum
960 1293 1101 1353 valli
1149 1311 1290 1353 saxa
1322 1295 1650 1374 praestruit.
1718 1303 1774 1354 et
1804 1295 2085 1373 praeflue-

66 1383 180 1442 bat
223 1380 401 1440 amnis
443 1377 597 1438 vado
638 1379 898 1455 incer-tc,
963 1386 1352 1456 catervaeque
1398 1386 1738 1448 armatorum
1771 1396 1879 1458 pro
1908 1383 2153 1441 muni-10

65 1465 293 1526 mentis
325 1464 724 1522 constiterant.

201 1547 303 1608 34.
346 1545 438 1606 Ad
474 1545 590 1606 hoc
621 1547 879 1623 gentium
913 1545 1185 1607 ductores
1221 1547 1543 1624 circumire,
1575 1545 1825 1622 hortari,
1858 1547 2083 1606 firmare

65 1634 308 1696 animos
337 1629 645 1690 minuendo
680 1639 855 1708 metu,
889 1630 1261 1691 accendenda
1294 1650 1401 1710 spe
1420 1632 1676 1710 aliisque
1716 1630 1857 1691 belli
1884 1631 2082 1690 incita-

60 1717 322 1779 mentis:
377 1715 674 1776 enimvero
726 1713 1043 1775 Caratacus
1084 1713 1199 1774 huc
1240 1715 1379 1775 illuc
1421 1716 1670 1784 volitans
1714 1707 1869 1774 illum
1912 1713 2083 1792 diem,

59 1802 236 1864 illam
279 1799 462 1860 aciem
507 1799 831 1861 testabatur
875 1807 970 1860 aut
1008 1799 1429 1878 reciperandae
1459 1798 1742 1858 libertatis
1782 1807 1876 1857 aut
1904 1802 2083 1858 servi·
2208 1865 2219 1872 ‚

59 1885 218 1950 tutis
252 1892 526 1944 aeternae
561 1885 780 1944 initium
810 1884 970 1953 fore;
1000 1883 1369 1960 vocabatque
1403 1883 1627 1941 nomina
1657 1883 1957 1958 maiorum,
1989 1883 2131 1959 quis

58 1973 423 2034 dictatorem
457 1966 774 2030 Caesarem
806 1953 1189 2047 pepulissent,
1224 1982 1466 2045 quorum
1494 1965 1703 2023 virtute
1731 1965 1899 2022 vacui
1929 1970 2083 2023 a‘se-

57 2052 315 2118 curibus
353 2061 410 2112 et
439 2052 667 2113 tributis
691 2056 1032 2113 intemerata
1071 2052 1381 2125 coniugum
1412 2056 1469 2107 et
1498 2046 1810 2107 liberorum
1836 2064 2085 2127 corpora

53 2139 416 2203 retinerent.
475 2135 623 2196 haec
655 2144 830 2213 atque
852 2132 997 2194 'talia
1032 2131 1246 2192 dicenti
1278 2132 1617 2211 adstrepere
1652 2132 1894 2209 vulgus,
1943 2148 2083 2209 gen·
2120 2190 2136 2209 ‚

51 2225 158 2287 tili
215 2219 461 2297 quisque
510 2219 799 2295 religione
844 2216 1158 2294 obstringi,
1211 2233 1328 2276 non
1370 2215 1538 2293 telis,
1592 2233 1708 2276 non
1752 2215 2083 2277 vulneribus

53 2317 378 2371 cessuros.
1358 2354 1371 2361 -
2100 2316 2151 2359 ιο

203 2386 306 2447 35.
370 2383 780 2463 Obstupefecit
825 2402 896 2445 ea
943 2384 1211 2445 alacritas
1266 2386 1471 2448 ducem
1520 2384 1867 2453 Romanum;
1920 2386 2081 2444 simul

55 2473 348 2548 obiectus
395 2470 615 2547 amnis,
659 2468 910 2529 additum
941 2468 1180 2547 vallum,
1222 2469 1551 2529 inminentia
1592 2470 1757 2547 iuga,
1799 2466 1936 2527 nihil
1976 2470 2083 2527 nisi

57 2568 254 2619 atrox
283 2562 342 2613 et
373 2552 914 2633 propugnatoribus
947 2552 1222 2632 frequens
1256 2552 1533 2614 terrebat.
1596 2551 1699 2613 sed
1720 2551 1885 2611 miles
1909 2568 2081 2630 proe-

55 2646 214 2705 lium
263 2654 552 2717 poscere,
603 2645 810 2697 cuncta
844 2639 1055 2697 virtute
1102 2636 1511 2717 expugnabilia
1544 2636 1863 2703 clamitare3
1916 2652 2081 2713 prae-

57 2724 340 2800 fectique
371 2728 433 2781 et
458 2721 670 2781 tribuni
701 2722 865 2800 paria
895 2720 1249 2781 disserentes
1286 2722 1554 2782 ardorem
1583 2720 1875 2780 exercitus
1904 2720 2079 2777 inten-
2101 2735 2129 2775 ⁵

55 2806 313 2870 debant.
351 2814 471 2866 tum
491 2804 777 2881 Ostorius,
808 2807 1251 2885 circumspectis
1275 2823 1423 2884 quae
1444 2801 1884 2885 inpenetrabilia
1911 2820 2081 2880 quae-

57 2910 193 2973 que
229 2890 429 2968 pervia
448 2935 465 2967 ,
495 2889 652 2949 ducit
684 2890 948 2950 infensos
979 2906 1322 2969 amnemque
1352 2890 1502 2950 haud
1531 2886 1841 2948 difficulter
1872 2885 2077 2945 evadit.

57 2975 176 3037 ubi
222 2982 452 3033 ventum
497 2974 568 3033 ad
611 2991 928 3051 aggerem,
995 2974 1126 3034 dum
1175 2973 1487 3034 missilibus
1540 2970 1896 3045 certabatur,
1952 2968 2081 3048 plus

57 3058 379 3122 vulnerum
418 3058 478 3118 in
523 3076 633 3125 nos
665 3066 725 3117 et
755 3058 1072 3137 pleraeque
1119 3058 1331 3118 caedes
1374 3056 1733 3117 oriebantur:
1780 3062 2083 3132 postquam

58 3147 234 3207 facta
258 3142 545 3202 testudine
568 3141 744 3201 rudes
768 3150 825 3201 et
848 3143 1126 3202 informes
1150 3158 1419 3202 saxorum
1448 3156 1747 3217 conpages
1770 3137 2079 3196 distractae
2098 3149 2150 3192 ιο

63 3242 304 3309 parque
355 3228 668 3286 comminus
715 3227 908 3303 acies,
951 3215 1244 3286 decede're
1275 3223 1504 3283 barbari
1540 3224 1598 3281 in
1630 3224 1762 3299 iuga
1792 3221 2079 3281 montium.

63 3308 186 3373 sed
221 3325 294 3369 eo
329 3327 560 3390 quoque
589 3312 861 3390 inrupere
889 3310 1237 3371 ferentarius
1270 3310 1584 3385 gravisque
1614 3306 1805 3383 miles,
1837 3304 1921 3364 illi
1948 3303 2083 3363 telis

61 3392 467 3471 adsultantes,
523 3395 581 3455 hi
629 3395 893 3454 conferto
927 3394 1141 3471 gradu,
1183 3391 1422 3453 turbatis
1454 3399 1656 3451 contra
1685 3389 2083 3461 Britannorum

59 3476 409 3553 ordinibus,
457 3476 610 3555 apud
657 3494 802 3556 quos
837 3478 993 3539 nulla
1037 3475 1753 3554 loricarumgalearumve
1800 3472 2078 3551 tegmina;

162 3580 341 3619 mel-rr
383 3582 524 3621 rums
557 3581 593 3620 r.
1091 3630 1104 3648 ἱ
1688 3558 1764 3619 14
