<?xml version="1.0" encoding="UTF-8"?>
<!DOCTYPE html PUBLIC "-//W3C//DTD XHTML 1.0 Transitional//EN"
    "http://www.w3.org/TR/xhtml1/DTD/xhtml1-transitional.dtd">
<html xmlns="http://www.w3.org/1999/xhtml" xml:lang="en" lang="en">
 <head>
  <title>
</title>
<meta http-equiv="Content-Type" content="text/html;charset=utf-8" />
  <meta name='ocr-system' content='tesseract 3.04.00' />
  <meta name='ocr-capabilities' content='ocr_page ocr_carea ocr_par ocr_line ocrx_word'/>
</head>
<body>
  <div class='ocr_page' id='page_1' title='image "./corneltacitilib00unkngoog_0272.png"; bbox 0 0 2475 4000; ppageno 0'>
   <div class='ocr_carea' id='block_1_1' title="bbox 211 1531 616 1597">
    <p class='ocr_par' dir='ltr' id='par_1_1' title="bbox 211 1531 616 1597">
     <span class='ocr_line' id='line_1_1' title="bbox 211 1531 616 1597; baseline -0.007 0"><span class='ocrx_word' id='word_1_1' title='bbox 211 1591 217 1597; x_wconf 84' lang='grc'><strong><em>,</em></strong></span> <span class='ocrx_word' id='word_1_2' title='bbox 342 1553 396 1593; x_wconf 80' lang='lat'>25</span> <span class='ocrx_word' id='word_1_3' title='bbox 416 1531 616 1594; x_wconf 88' lang='lat' dir='ltr'>redeo.</span> 
     </span>
    </p>
   </div>
   <div class='ocr_carea' id='block_1_2' title="bbox 402 196 1902 270">
    <p class='ocr_par' dir='ltr' id='par_1_2' title="bbox 402 196 1902 270">
     <span class='ocr_line' id='line_1_2' title="bbox 402 196 1902 270; baseline -0.011 -11"><span class='ocrx_word' id='word_1_4' title='bbox 402 197 549 262; x_wconf 65' lang='lat'>212„</span> <span class='ocrx_word' id='word_1_5' title='bbox 926 202 1257 253; x_wconf 64' lang='lat' dir='ltr'>conamur</span> <span class='ocrx_word' id='word_1_6' title='bbox 1276 199 1513 270; x_wconf 70' lang='lat' dir='ltr'>‘rAclrr</span> <span class='ocrx_word' id='word_1_7' title='bbox 1536 196 1902 248; x_wconf 62' lang='lat' dir='ltr'>masmim</span> 
     </span>
    </p>
   </div>
   <div class='ocr_carea' id='block_1_3' title="bbox 290 343 2469 1527">
    <p class='ocr_par' dir='ltr' id='par_1_3' title="bbox 290 343 2469 1527">
     <span class='ocr_line' id='line_1_3' title="bbox 398 343 2424 434; baseline -0.007 -9"><span class='ocrx_word' id='word_1_8' title='bbox 398 363 499 425; x_wconf 88' lang='lat' dir='ltr'>diu</span> <span class='ocrx_word' id='word_1_9' title='bbox 534 369 592 420; x_wconf 90' lang='lat' dir='ltr'>et</span> <span class='ocrx_word' id='word_1_10' title='bbox 618 359 893 420; x_wconf 85' lang='lat' dir='ltr'>Romanis</span> <span class='ocrx_word' id='word_1_11' title='bbox 934 360 1102 418; x_wconf 85' lang='lat' dir='ltr'>armis</span> <span class='ocrx_word' id='word_1_12' title='bbox 1132 356 1440 433; x_wconf 84' lang='lat' dir='ltr'>defensus,</span> <span class='ocrx_word' id='word_1_13' title='bbox 1483 371 1612 414; x_wconf 84' lang='lat' dir='ltr'>cum</span> <span class='ocrx_word' id='word_1_14' title='bbox 1649 348 2107 434; x_wconf 77' lang='lat' dir='ltr'>Cartimanduam</span> <span class='ocrx_word' id='word_1_15' title='bbox 2138 343 2424 426; x_wconf 53' lang='lat' dir='ltr'>{aginam</span> 
     </span>
     <span class='ocr_line' id='line_1_4' title="bbox 402 432 2422 533; baseline -0.008 -24"><span class='ocrx_word' id='word_1_16' title='bbox 402 445 762 509; x_wconf 85' lang='lat' dir='ltr'>matrimonio</span> <span class='ocrx_word' id='word_1_17' title='bbox 792 451 1043 511; x_wconf 85' lang='lat' dir='ltr'>teneret;</span> <span class='ocrx_word' id='word_1_18' title='bbox 1086 457 1225 502; x_wconf 86' lang='lat' dir='ltr'>mox</span> <span class='ocrx_word' id='word_1_19' title='bbox 1263 448 1390 501; x_wconf 92' lang='lat' dir='ltr'>orto</span> <span class='ocrx_word' id='word_1_20' title='bbox 1431 437 1674 498; x_wconf 88' lang='lat' dir='ltr'>discidio</span> <span class='ocrx_word' id='word_1_21' title='bbox 1717 443 1772 494; x_wconf 90' lang='lat' dir='ltr'>et</span> <span class='ocrx_word' id='word_1_22' title='bbox 1813 435 2002 495; x_wconf 88' lang='lat' dir='ltr'>statim</span> <span class='ocrx_word' id='word_1_23' title='bbox 2035 432 2198 533; x_wconf 54' lang='lat' dir='ltr'>bello</span> <span class='ocrx_word' id='word_1_24' title='bbox 2235 435 2422 492; x_wconf 85' lang='lat' dir='ltr'>etiam</span> 
     </span>
     <span class='ocr_line' id='line_1_5' title="bbox 406 518 2469 600; baseline -0.007 -9"><span class='ocrx_word' id='word_1_25' title='bbox 406 529 682 591; x_wconf 87' lang='lat' dir='ltr'>adversus</span> <span class='ocrx_word' id='word_1_26' title='bbox 715 545 823 590; x_wconf 86' lang='lat' dir='ltr'>nos</span> <span class='ocrx_word' id='word_1_27' title='bbox 852 525 1083 587; x_wconf 90' lang='lat' dir='ltr'>hostilia</span> <span class='ocrx_word' id='word_1_28' title='bbox 1113 525 1394 585; x_wconf 89' lang='lat' dir='ltr'>induerat.</span> <span class='ocrx_word' id='word_1_29' title='bbox 1448 522 1558 583; x_wconf 88' lang='lat' dir='ltr'>sed</span> <span class='ocrx_word' id='word_1_30' title='bbox 1589 522 1774 600; x_wconf 89' lang='lat' dir='ltr'>primo</span> <span class='ocrx_word' id='word_1_31' title='bbox 1801 527 2016 578; x_wconf 87' lang='lat' dir='ltr'>tantum</span> <span class='ocrx_word' id='word_1_32' title='bbox 2045 527 2198 577; x_wconf 87' lang='lat' dir='ltr'>mter</span> <span class='ocrx_word' id='word_1_33' title='bbox 2236 518 2420 595; x_wconf 87' lang='lat' dir='ltr'>ipsos</span> <span class='ocrx_word' id='word_1_34' title='bbox 2468 587 2469 598; x_wconf 9' lang='grc' dir='ltr'>χ</span> 
     </span>
     <span class='ocr_line' id='line_1_6' title="bbox 407 602 2469 689; baseline -0.006 -16"><span class='ocrx_word' id='word_1_35' title='bbox 407 611 766 689; x_wconf 79' lang='lat' dir='ltr'>certabatur,</span> <span class='ocrx_word' id='word_1_36' title='bbox 810 609 1151 688; x_wconf 71' lang='lat' dir='ltr'><strong>callidisque</strong></span> <span class='ocrx_word' id='word_1_37' title='bbox 1180 607 1581 670; x_wconf 80' lang='lat' dir='ltr'><strong>Cartimandua</strong></span> <span class='ocrx_word' id='word_1_38' title='bbox 1617 603 1831 666; x_wconf 85' lang='lat' dir='ltr'>artibus</span> <span class='ocrx_word' id='word_1_39' title='bbox 1871 602 2110 662; x_wconf 79' lang='lat' dir='ltr'>fratrem</span> <span class='ocrx_word' id='word_1_40' title='bbox 2153 619 2228 661; x_wconf 90' lang='lat' dir='ltr'>ac</span> <span class='ocrx_word' id='word_1_41' title='bbox 2274 619 2422 680; x_wconf 85' lang='lat' dir='ltr'>pro·</span> <span class='ocrx_word' id='word_1_42' title='bbox 2468 607 2469 668; x_wconf 79' lang='lat' dir='ltr'>J</span> 
     </span>
     <span class='ocr_line' id='line_1_7' title="bbox 308 685 2424 776; baseline -0.006 -20"><span class='ocrx_word' id='word_1_43' title='bbox 308 707 389 756; x_wconf 84' lang='lat'>⁰15</span> <span class='ocrx_word' id='word_1_44' title='bbox 409 699 653 776; x_wconf 84' lang='lat' dir='ltr'>pinquos</span> <span class='ocrx_word' id='word_1_45' title='bbox 694 695 926 757; x_wconf 86' lang='lat' dir='ltr'>Venutii</span> <span class='ocrx_word' id='word_1_46' title='bbox 969 694 1295 772; x_wconf 76' lang='lat' dir='ltr'>intercepit.</span> <span class='ocrx_word' id='word_1_47' title='bbox 1355 692 1486 752; x_wconf 89' lang='lat' dir='ltr'>inde</span> <span class='ocrx_word' id='word_1_48' title='bbox 1531 690 1766 752; x_wconf 87' lang='lat' dir='ltr'>accensi</span> <span class='ocrx_word' id='word_1_49' title='bbox 1789 686 2030 763; x_wconf 71' lang='lat' dir='ltr'>hostes,</span> <span class='ocrx_word' id='word_1_50' title='bbox 2075 685 2424 746; x_wconf 77' lang='lat' dir='ltr'>stimulante</span> 
     </span>
     <span class='ocr_line' id='line_1_8' title="bbox 406 769 2469 858; baseline -0.008 -18"><span class='ocrx_word' id='word_1_51' title='bbox 406 781 745 858; x_wconf 78' lang='lat' dir='ltr'>ignominia,</span> <span class='ocrx_word' id='word_1_52' title='bbox 786 797 860 838; x_wconf 90' lang='lat' dir='ltr'>ne</span> <span class='ocrx_word' id='word_1_53' title='bbox 902 778 1147 851; x_wconf 79' lang='lat' dir='ltr'>feminae</span> <span class='ocrx_word' id='word_1_54' title='bbox 1193 778 1440 856; x_wconf 87' lang='lat' dir='ltr'>imperio</span> <span class='ocrx_word' id='word_1_55' title='bbox 1483 774 1896 849; x_wconf 75' lang='lat' dir='ltr'>subderentur,</span> <span class='ocrx_word' id='word_1_56' title='bbox 1937 770 2132 830; x_wconf 81' lang='lat' dir='ltr'>valida</span> <span class='ocrx_word' id='word_1_57' title='bbox 2161 777 2224 828; x_wconf 90' lang='lat' dir='ltr'>et</span> <span class='ocrx_word' id='word_1_58' title='bbox 2253 769 2424 830; x_wconf 85' lang='lat' dir='ltr'>lecta</span> <span class='ocrx_word' id='word_1_59' title='bbox 2468 771 2469 824; x_wconf 63' lang='grc' dir='ltr'>ζ</span> 
     </span>
     <span class='ocr_line' id='line_1_9' title="bbox 408 855 2469 938; baseline -0.007 -12"><span class='ocrx_word' id='word_1_60' title='bbox 408 864 583 926; x_wconf 89' lang='lat' dir='ltr'>armis</span> <span class='ocrx_word' id='word_1_61' title='bbox 610 863 874 920; x_wconf 83' lang='lat' dir='ltr'>iuventus</span> <span class='ocrx_word' id='word_1_62' title='bbox 901 879 1141 938; x_wconf 78' lang='lat' dir='ltr'>regnum</span> <span class='ocrx_word' id='word_1_63' title='bbox 1174 863 1298 921; x_wconf 86' lang='lat' dir='ltr'>eius</span> <span class='ocrx_word' id='word_1_64' title='bbox 1326 859 1615 920; x_wconf 83' lang='lat' dir='ltr'>invadunt.</span> <span class='ocrx_word' id='word_1_65' title='bbox 1664 855 1822 937; x_wconf 88' lang='lat' dir='ltr'>quod</span> <span class='ocrx_word' id='word_1_66' title='bbox 1848 855 2020 915; x_wconf 88' lang='lat' dir='ltr'>nobis</span> <span class='ocrx_word' id='word_1_67' title='bbox 2050 855 2422 935; x_wconf 77' lang='lat' dir='ltr'>praevisum,</span> <span class='ocrx_word' id='word_1_68' title='bbox 2468 857 2469 900; x_wconf 52' lang='grc' dir='ltr'>ἕ</span> 
     </span>
     <span class='ocr_line' id='line_1_10' title="bbox 381 939 2424 1023; baseline -0.005 -15"><span class='ocrx_word' id='word_1_69' title='bbox 381 956 467 1009; x_wconf 90' lang='lat' dir='ltr'>·et</span> <span class='ocrx_word' id='word_1_70' title='bbox 496 949 709 1006; x_wconf 88' lang='lat' dir='ltr'>missae</span> <span class='ocrx_word' id='word_1_71' title='bbox 738 945 951 1004; x_wconf 87' lang='lat' dir='ltr'>auxilio</span> <span class='ocrx_word' id='word_1_72' title='bbox 988 945 1260 1005; x_wconf 80' lang='lat' dir='ltr'>cohortes</span> <span class='ocrx_word' id='word_1_73' title='bbox 1291 963 1427 1004; x_wconf 87' lang='lat' dir='ltr'>acre</span> <span class='ocrx_word' id='word_1_74' title='bbox 1457 941 1742 1023; x_wconf 86' lang='lat' dir='ltr'>proelium</span> <span class='ocrx_word' id='word_1_75' title='bbox 1769 940 2004 1018; x_wconf 78' lang='lat' dir='ltr'>fecere,</span> <span class='ocrx_word' id='word_1_76' title='bbox 2041 941 2205 999; x_wconf 87' lang='lat' dir='ltr'>cuius</span> <span class='ocrx_word' id='word_1_77' title='bbox 2245 939 2424 998; x_wconf 85' lang='lat' dir='ltr'>initio</span> 
     </span>
     <span class='ocr_line' id='line_1_11' title="bbox 410 1024 2426 1108; baseline -0.006 -15"><span class='ocrx_word' id='word_1_78' title='bbox 410 1031 679 1108; x_wconf 80' lang='lat' dir='ltr'>ambiguo</span> <span class='ocrx_word' id='word_1_79' title='bbox 714 1029 841 1088; x_wconf 84' lang='lat' dir='ltr'>finis</span> <span class='ocrx_word' id='word_1_80' title='bbox 873 1024 1081 1086; x_wconf 82' lang='lat' dir='ltr'>laetior</span> <span class='ocrx_word' id='word_1_81' title='bbox 1118 1029 1241 1087; x_wconf 78' lang='lat' dir='ltr'>fuit.</span> <span class='ocrx_word' id='word_1_82' title='bbox 1301 1046 1492 1106; x_wconf 87' lang='lat' dir='ltr'>neque</span> <span class='ocrx_word' id='word_1_83' title='bbox 1531 1025 1749 1105; x_wconf 79' lang='lat' dir='ltr'>dispari</span> <span class='ocrx_word' id='word_1_84' title='bbox 1779 1025 1992 1084; x_wconf 83' lang='lat' dir='ltr'>eventu</span> <span class='ocrx_word' id='word_1_85' title='bbox 2021 1031 2350 1103; x_wconf 75' lang='lat' dir='ltr'>pugnatum</span> <span class='ocrx_word' id='word_1_86' title='bbox 2389 1040 2426 1082; x_wconf 90' lang='lat' dir='ltr'>a</span> 
     </span>
     <span class='ocr_line' id='line_1_12' title="bbox 339 1107 2469 1194; baseline -0.008 -18"><span class='ocrx_word' id='word_1_87' title='bbox 339 1134 392 1176; x_wconf 85' lang='lat'>20</span> <span class='ocrx_word' id='word_1_88' title='bbox 412 1117 669 1194; x_wconf 83' lang='lat' dir='ltr'>legione,</span> <span class='ocrx_word' id='word_1_89' title='bbox 704 1113 793 1171; x_wconf 89' lang='lat' dir='ltr'>cui</span> <span class='ocrx_word' id='word_1_90' title='bbox 829 1107 1069 1170; x_wconf 84' lang='lat' dir='ltr'>Caesius</span> <span class='ocrx_word' id='word_1_91' title='bbox 1097 1110 1310 1172; x_wconf 81' lang='lat' dir='ltr'>Nasica</span> <span class='ocrx_word' id='word_1_92' title='bbox 1339 1119 1634 1191; x_wconf 88' lang='lat' dir='ltr'>praeerat;</span> <span class='ocrx_word' id='word_1_93' title='bbox 1677 1125 1808 1168; x_wconf 87' lang='lat' dir='ltr'>nam</span> <span class='ocrx_word' id='word_1_94' title='bbox 1833 1107 2068 1186; x_wconf 86' lang='lat' dir='ltr'>Didius,</span> <span class='ocrx_word' id='word_1_95' title='bbox 2103 1116 2424 1168; x_wconf 77' lang='lat' dir='ltr'>senectute</span> <span class='ocrx_word' id='word_1_96' title='bbox 2468 1141 2469 1160; x_wconf 51' lang='lat'>2</span> 
     </span>
     <span class='ocr_line' id='line_1_13' title="bbox 406 1192 2469 1278; baseline -0.005 -18"><span class='ocrx_word' id='word_1_97' title='bbox 406 1199 607 1278; x_wconf 75' lang='lat' dir='ltr'>‘gravis</span> <span class='ocrx_word' id='word_1_98' title='bbox 650 1205 716 1268; x_wconf 89' lang='lat' dir='ltr'>et</span> <span class='ocrx_word' id='word_1_99' title='bbox 750 1194 925 1254; x_wconf 82' lang='lat' dir='ltr'>multa</span> <span class='ocrx_word' id='word_1_100' title='bbox 968 1193 1139 1270; x_wconf 88' lang='lat' dir='ltr'>copia</span> <span class='ocrx_word' id='word_1_101' title='bbox 1178 1192 1490 1272; x_wconf 83' lang='lat' dir='ltr'>honorum,</span> <span class='ocrx_word' id='word_1_102' title='bbox 1539 1212 1647 1274; x_wconf 88' lang='lat' dir='ltr'>per</span> <span class='ocrx_word' id='word_1_103' title='bbox 1685 1192 1978 1253; x_wconf 87' lang='lat' dir='ltr'>ministros</span> <span class='ocrx_word' id='word_1_104' title='bbox 2013 1209 2196 1268; x_wconf 82' lang='lat' dir='ltr'>agere</span> <span class='ocrx_word' id='word_1_105' title='bbox 2227 1201 2296 1250; x_wconf 89' lang='lat' dir='ltr'>et</span> <span class='ocrx_word' id='word_1_106' title='bbox 2327 1209 2420 1251; x_wconf 89' lang='lat' dir='ltr'>ar·</span> <span class='ocrx_word' id='word_1_107' title='bbox 2468 1193 2469 1212; x_wconf 66' lang='lat'>¹</span> 
     </span>
     <span class='ocr_line' id='line_1_14' title="bbox 290 1274 2424 1357; baseline -0.006 -11"><span class='ocrx_word' id='word_1_108' title='bbox 290 1297 300 1304; x_wconf 84' lang='lat'><strong>‘</strong></span> <span class='ocrx_word' id='word_1_109' title='bbox 413 1301 549 1345; x_wconf 84' lang='lat' dir='ltr'>cere</span> <span class='ocrx_word' id='word_1_110' title='bbox 583 1281 809 1342; x_wconf 83' lang='lat' dir='ltr'>hostem</span> <span class='ocrx_word' id='word_1_111' title='bbox 850 1277 992 1338; x_wconf 85' lang='lat' dir='ltr'>satis.</span> <span class='ocrx_word' id='word_1_112' title='bbox 1033 1274 1304 1336; x_wconf 89' lang='lat' dir='ltr'>habebat.</span> <span class='ocrx_word' id='word_1_113' title='bbox 1354 1277 1529 1354; x_wconf 86' lang='lat' dir='ltr'>haec,</span> <span class='ocrx_word' id='word_1_114' title='bbox 1579 1293 1916 1357; x_wconf 86' lang='lat' dir='ltr'>quamquam</span> <span class='ocrx_word' id='word_1_115' title='bbox 1955 1295 1989 1336; x_wconf 89' lang='lat' dir='ltr'>a</span> <span class='ocrx_word' id='word_1_116' title='bbox 2029 1274 2254 1334; x_wconf 86' lang='lat' dir='ltr'>duobus</span> <span class='ocrx_word' id='word_1_117' title='bbox 2301 1293 2424 1353; x_wconf 88' lang='lat' dir='ltr'>pro</span> 
     </span>
     <span class='ocr_line' id='line_1_15' title="bbox 414 1357 2426 1446; baseline -0.004 -21"><span class='ocrx_word' id='word_1_118' title='bbox 414 1363 781 1446; x_wconf 89' lang='lat' dir='ltr'>praetoribus</span> <span class='ocrx_word' id='word_1_119' title='bbox 815 1361 1014 1440; x_wconf 92' lang='lat' dir='ltr'>plures</span> <span class='ocrx_word' id='word_1_120' title='bbox 1045 1377 1151 1438; x_wconf 90' lang='lat' dir='ltr'>per</span> <span class='ocrx_word' id='word_1_121' title='bbox 1184 1377 1364 1420; x_wconf 88' lang='lat' dir='ltr'>annos</span> <span class='ocrx_word' id='word_1_122' title='bbox 1395 1370 1582 1438; x_wconf 81' lang='lat' dir='ltr'>gesta,</span> <span class='ocrx_word' id='word_1_123' title='bbox 1615 1362 1906 1437; x_wconf 83' lang='lat' dir='ltr'>coniunxi,</span> <span class='ocrx_word' id='word_1_124' title='bbox 1939 1379 2014 1420; x_wconf 85' lang='lat' dir='ltr'>ne</span> <span class='ocrx_word' id='word_1_125' title='bbox 2043 1357 2226 1418; x_wconf 84' lang='lat' dir='ltr'>divisa</span> <span class='ocrx_word' id='word_1_126' title='bbox 2254 1357 2426 1419; x_wconf 85' lang='lat' dir='ltr'>baud</span> 
     </span>
     <span class='ocr_line' id='line_1_16' title="bbox 413 1441 2424 1527; baseline -0.003 -20"><span class='ocrx_word' id='word_1_127' title='bbox 413 1445 653 1527; x_wconf 84' lang='lat' dir='ltr'>perinde</span> <span class='ocrx_word' id='word_1_128' title='bbox 694 1445 767 1505; x_wconf 89' lang='lat' dir='ltr'>ad</span> <span class='ocrx_word' id='word_1_129' title='bbox 816 1444 1149 1503; x_wconf 82' lang='lat' dir='ltr'>memoriam</span> <span class='ocrx_word' id='word_1_130' title='bbox 1190 1446 1280 1515; x_wconf 79' lang='lat' dir='ltr'>sui</span> <span class='ocrx_word' id='word_1_131' title='bbox 1331 1444 1623 1506; x_wconf 81' lang='lat' dir='ltr'>valerent:</span> <span class='ocrx_word' id='word_1_132' title='bbox 1669 1444 1743 1505; x_wconf 89' lang='lat' dir='ltr'>ad</span> <span class='ocrx_word' id='word_1_133' title='bbox 1779 1453 2103 1524; x_wconf 87' lang='lat' dir='ltr'>temporum</span> <span class='ocrx_word' id='word_1_134' title='bbox 2147 1441 2424 1526; x_wconf 78' lang='lat' dir='ltr'>ordinem</span> 
     </span>
    </p>
   </div>
   <div class='ocr_carea' id='block_1_4' title="bbox 317 1607 2469 3553">
    <p class='ocr_par' dir='ltr' id='par_1_4' title="bbox 317 1607 2469 3553">
     <span class='ocr_line' id='line_1_17' title="bbox 531 1607 2469 1684; baseline -0.003 -9"><span class='ocrx_word' id='word_1_135' title='bbox 531 1614 633 1676; x_wconf 87' lang='lat'>41.</span> <span class='ocrx_word' id='word_1_136' title='bbox 690 1609 777 1670; x_wconf 88' lang='lat' dir='ltr'>Ti.</span> <span class='ocrx_word' id='word_1_137' title='bbox 824 1607 1065 1670; x_wconf 84' lang='lat' dir='ltr'>Claudio</span> <span class='ocrx_word' id='word_1_138' title='bbox 1110 1608 1363 1684; x_wconf 86' lang='lat' dir='ltr'>quintum</span> <span class='ocrx_word' id='word_1_139' title='bbox 1393 1607 1600 1669; x_wconf 90' lang='lat' dir='ltr'>Servio</span> <span class='ocrx_word' id='word_1_140' title='bbox 1649 1609 1924 1672; x_wconf 81' lang='lat' dir='ltr'>Cornelio</span> <span class='ocrx_word' id='word_1_141' title='bbox 1970 1611 2154 1672; x_wconf 80' lang='lat' dir='ltr'>Orfito</span> <span class='ocrx_word' id='word_1_142' title='bbox 2206 1629 2418 1671; x_wconf 87' lang='lat' dir='ltr'>consu-</span> <span class='ocrx_word' id='word_1_143' title='bbox 2468 1641 2469 1684; x_wconf 58' lang='lat'>3</span> 
     </span>
     <span class='ocr_line' id='line_1_18' title="bbox 317 1687 2469 1773; baseline -0.003 -14"><span class='ocrx_word' id='word_1_144' title='bbox 317 1695 326 1704; x_wconf 84' lang='lat'>&#39;</span> <span class='ocrx_word' id='word_1_145' title='bbox 414 1699 565 1759; x_wconf 85' lang='lat' dir='ltr'>libus</span> <span class='ocrx_word' id='word_1_146' title='bbox 598 1695 783 1754; x_wconf 85' lang='lat' dir='ltr'>virilis</span> <span class='ocrx_word' id='word_1_147' title='bbox 824 1702 967 1770; x_wconf 81' lang='lat' dir='ltr'>toga</span> <span class='ocrx_word' id='word_1_148' title='bbox 995 1691 1213 1752; x_wconf 89' lang='lat' dir='ltr'>Neroni</span> <span class='ocrx_word' id='word_1_149' title='bbox 1253 1700 1557 1768; x_wconf 87' lang='lat' dir='ltr'>maturata,</span> <span class='ocrx_word' id='word_1_150' title='bbox 1591 1710 1706 1771; x_wconf 90' lang='lat' dir='ltr'>quo</span> <span class='ocrx_word' id='word_1_151' title='bbox 1747 1695 2144 1772; x_wconf 78' lang='lat' dir='ltr'>capessendae</span> <span class='ocrx_word' id='word_1_152' title='bbox 2191 1699 2284 1756; x_wconf 88' lang='lat' dir='ltr'>rei</span> <span class='ocrx_word' id='word_1_153' title='bbox 2318 1712 2420 1773; x_wconf 89' lang='lat' dir='ltr'>pu·</span> <span class='ocrx_word' id='word_1_154' title='bbox 2468 1687 2469 1694; x_wconf 60' lang='lat'><em>&#39;</em></span> 
     </span>
     <span class='ocr_line' id='line_1_19' title="bbox 416 1772 2469 1854; baseline -0.002 -12"><span class='ocrx_word' id='word_1_155' title='bbox 416 1783 605 1842; x_wconf 88' lang='lat' dir='ltr'>blicae</span> <span class='ocrx_word' id='word_1_156' title='bbox 636 1777 848 1839; x_wconf 88' lang='lat' dir='ltr'>habilis</span> <span class='ocrx_word' id='word_1_157' title='bbox 892 1777 1205 1838; x_wconf 82' lang='lat' dir='ltr'>videretur.</span> <span class='ocrx_word' id='word_1_158' title='bbox 1267 1784 1326 1834; x_wconf 90' lang='lat' dir='ltr'>et</span> <span class='ocrx_word' id='word_1_159' title='bbox 1361 1772 1578 1835; x_wconf 84' lang='lat' dir='ltr'>Caesar</span> <span class='ocrx_word' id='word_1_160' title='bbox 1620 1775 2034 1840; x_wconf 86' lang='lat' dir='ltr'>adulationibus</span> <span class='ocrx_word' id='word_1_161' title='bbox 2079 1789 2326 1840; x_wconf 86' lang='lat' dir='ltr'>senatus</span> <span class='ocrx_word' id='word_1_162' title='bbox 2355 1779 2418 1838; x_wconf 90' lang='lat' dir='ltr'>li-</span> <span class='ocrx_word' id='word_1_163' title='bbox 2468 1815 2469 1854; x_wconf 74' lang='lat'><em>;</em></span> 
     </span>
     <span class='ocr_line' id='line_1_20' title="bbox 416 1857 2469 1937; baseline -0.003 -10"><span class='ocrx_word' id='word_1_164' title='bbox 416 1867 560 1926; x_wconf 86' lang='lat' dir='ltr'>bens</span> <span class='ocrx_word' id='word_1_165' title='bbox 588 1863 786 1937; x_wconf 86' lang='lat' dir='ltr'>cessit,</span> <span class='ocrx_word' id='word_1_166' title='bbox 812 1870 873 1920; x_wconf 90' lang='lat' dir='ltr'>ut</span> <span class='ocrx_word' id='word_1_167' title='bbox 906 1861 1222 1920; x_wconf 88' lang='lat' dir='ltr'>vicensimo</span> <span class='ocrx_word' id='word_1_168' title='bbox 1257 1860 1460 1920; x_wconf 87' lang='lat' dir='ltr'>aetatis</span> <span class='ocrx_word' id='word_1_169' title='bbox 1487 1859 2023 1920; x_wconf 83' lang='lat' dir='ltr'>anno&#39;consulatum</span> <span class='ocrx_word' id='word_1_170' title='bbox 2049 1862 2214 1923; x_wconf 86' lang='lat' dir='ltr'>Nero</span> <span class='ocrx_word' id='word_1_171' title='bbox 2249 1863 2422 1924; x_wconf 85' lang='lat' dir='ltr'>iniret</span> <span class='ocrx_word' id='word_1_172' title='bbox 2468 1857 2469 1912; x_wconf 64' lang='grc' dir='ltr'>ἐ</span> 
     </span>
     <span class='ocr_line' id='line_1_21' title="bbox 366 1929 2469 2029; baseline -0.003 -17"><span class='ocrx_word' id='word_1_173' title='bbox 366 1977 392 2017; x_wconf 83' lang='lat'>5</span> <span class='ocrx_word' id='word_1_174' title='bbox 418 1959 589 2029; x_wconf 84' lang='lat' dir='ltr'>atque</span> <span class='ocrx_word' id='word_1_175' title='bbox 618 1947 845 2007; x_wconf 85' lang='lat' dir='ltr'>interim</span> <span class='ocrx_word' id='word_1_176' title='bbox 874 1945 1210 2024; x_wconf 80' lang='lat' dir='ltr'>designatus</span> <span class='ocrx_word' id='word_1_177' title='bbox 1241 1941 1665 2025; x_wconf 76' lang='lat' dir='ltr'>proconsulare</span> <span class='ocrx_word' id='word_1_178' title='bbox 1687 1945 1984 2022; x_wconf 82' lang='lat' dir='ltr'>imperium</span> <span class='ocrx_word' id='word_1_179' title='bbox 2017 1955 2188 2006; x_wconf 83' lang='lat' dir='ltr'>extra</span> <span class='ocrx_word' id='word_1_180' title='bbox 2215 1946 2420 2007; x_wconf 84' lang='lat' dir='ltr'>urbem</span> <span class='ocrx_word' id='word_1_181' title='bbox 2468 1929 2469 1940; x_wconf 39' lang='lat'>¹</span> 
     </span>
     <span class='ocr_line' id='line_1_22' title="bbox 418 2021 2469 2112; baseline -0.003 -16"><span class='ocrx_word' id='word_1_182' title='bbox 418 2034 663 2096; x_wconf 85' lang='lat' dir='ltr'>haberet</span> <span class='ocrx_word' id='word_1_183' title='bbox 688 2050 759 2092; x_wconf 87' lang='lat' dir='ltr'>ac</span> <span class='ocrx_word' id='word_1_184' title='bbox 788 2031 1063 2112; x_wconf 87' lang='lat' dir='ltr'>princeps</span> <span class='ocrx_word' id='word_1_185' title='bbox 1090 2030 1396 2089; x_wconf 85' lang='lat' dir='ltr'>iuventutis</span> <span class='ocrx_word' id='word_1_186' title='bbox 1433 2021 1844 2106; x_wconf 82' lang='lat' dir='ltr'>appellaretur.</span> <span class='ocrx_word' id='word_1_187' title='bbox 1905 2027 2150 2087; x_wconf 84' lang='lat' dir='ltr'>additum</span> <span class='ocrx_word' id='word_1_188' title='bbox 2189 2033 2420 2090; x_wconf 84' lang='lat' dir='ltr'>nomine</span> <span class='ocrx_word' id='word_1_189' title='bbox 2468 2042 2469 2101; x_wconf 83' lang='lat' dir='ltr'>j</span> 
     </span>
     <span class='ocr_line' id='line_1_23' title="bbox 419 2110 2469 2195; baseline -0.002 -17"><span class='ocrx_word' id='word_1_190' title='bbox 419 2119 541 2178; x_wconf 88' lang='lat' dir='ltr'>eius</span> <span class='ocrx_word' id='word_1_191' title='bbox 577 2116 909 2195; x_wconf 81' lang='lat' dir='ltr'>donativum</span> <span class='ocrx_word' id='word_1_192' title='bbox 935 2114 1129 2191; x_wconf 86' lang='lat' dir='ltr'>militi,</span> <span class='ocrx_word' id='word_1_193' title='bbox 1176 2113 1532 2189; x_wconf 81' lang='lat' dir='ltr'>congiarium</span> <span class='ocrx_word' id='word_1_194' title='bbox 1557 2111 1772 2189; x_wconf 90' lang='lat' dir='ltr'>plebei.</span> <span class='ocrx_word' id='word_1_195' title='bbox 1837 2119 1896 2170; x_wconf 88' lang='lat' dir='ltr'>et</span> <span class='ocrx_word' id='word_1_196' title='bbox 1923 2110 2146 2170; x_wconf 87' lang='lat' dir='ltr'>ludicro</span> <span class='ocrx_word' id='word_1_197' title='bbox 2195 2115 2420 2174; x_wconf 79' lang='lat' dir='ltr'>circen·</span> <span class='ocrx_word' id='word_1_198' title='bbox 2468 2170 2469 2181; x_wconf 68' lang='grc'>,</span> 
     </span>
     <span class='ocr_line' id='line_1_24' title="bbox 418 2192 2469 2277; baseline -0.002 -17"><span class='ocrx_word' id='word_1_199' title='bbox 418 2203 594 2277; x_wconf 78' lang='lat' dir='ltr'>sium,</span> <span class='ocrx_word' id='word_1_200' title='bbox 636 2198 791 2276; x_wconf 87' lang='lat' dir='ltr'>quod</span> <span class='ocrx_word' id='word_1_201' title='bbox 822 2198 1187 2277; x_wconf 85' lang='lat' dir='ltr'>adquirendis</span> <span class='ocrx_word' id='word_1_202' title='bbox 1217 2196 1379 2273; x_wconf 79' lang='lat' dir='ltr'>vulgi</span> <span class='ocrx_word' id='word_1_203' title='bbox 1408 2195 1608 2255; x_wconf 87' lang='lat' dir='ltr'>studiis</span> <span class='ocrx_word' id='word_1_204' title='bbox 1637 2193 1934 2271; x_wconf 85' lang='lat' dir='ltr'>edebatur,</span> <span class='ocrx_word' id='word_1_205' title='bbox 1967 2192 2338 2257; x_wconf 84' lang='lat' dir='ltr'>Britannicus</span> <span class='ocrx_word' id='word_1_206' title='bbox 2367 2199 2422 2256; x_wconf 89' lang='lat' dir='ltr'>in</span> <span class='ocrx_word' id='word_1_207' title='bbox 2468 2238 2469 2263; x_wconf 57' lang='lat'><em>2</em></span> 
     </span>
     <span class='ocr_line' id='line_1_25' title="bbox 320 2278 2420 2365; baseline -0.002 -22"><span class='ocrx_word' id='word_1_208' title='bbox 320 2354 329 2365; x_wconf 57' lang='lat'>.</span> <span class='ocrx_word' id='word_1_209' title='bbox 419 2290 744 2362; x_wconf 84' lang='lat' dir='ltr'>praetexta,</span> <span class='ocrx_word' id='word_1_210' title='bbox 773 2281 935 2342; x_wconf 87' lang='lat' dir='ltr'>Nero</span> <span class='ocrx_word' id='word_1_211' title='bbox 967 2280 1295 2360; x_wconf 88' lang='lat' dir='ltr'>triumphali</span> <span class='ocrx_word' id='word_1_212' title='bbox 1322 2289 1485 2340; x_wconf 85' lang='lat' dir='ltr'>veste</span> <span class='ocrx_word' id='word_1_213' title='bbox 1520 2278 1762 2341; x_wconf 86' lang='lat' dir='ltr'>travecti</span> <span class='ocrx_word' id='word_1_214' title='bbox 1797 2286 1956 2337; x_wconf 87' lang='lat' dir='ltr'>suut:</span> <span class='ocrx_word' id='word_1_215' title='bbox 1985 2286 2292 2355; x_wconf 84' lang='lat' dir='ltr'>spectaret</span> <span class='ocrx_word' id='word_1_216' title='bbox 2319 2298 2420 2357; x_wconf 86' lang='lat' dir='ltr'>po·</span> 
     </span>
     <span class='ocr_line' id='line_1_26' title="bbox 352 2360 2419 2447; baseline -0.004 -17"><span class='ocrx_word' id='word_1_217' title='bbox 352 2390 402 2430; x_wconf 88' lang='lat'>10</span> <span class='ocrx_word' id='word_1_218' title='bbox 422 2366 589 2447; x_wconf 77' lang='lat' dir='ltr'>pultis</span> <span class='ocrx_word' id='word_1_219' title='bbox 622 2365 773 2426; x_wconf 90' lang='lat' dir='ltr'>hunc</span> <span class='ocrx_word' id='word_1_220' title='bbox 794 2366 1020 2425; x_wconf 65' lang='lat' dir='ltr'>‘decore</span> <span class='ocrx_word' id='word_1_221' title='bbox 1052 2364 1456 2444; x_wconf 76' lang='lat' dir='ltr'>imperator-ic,</span> <span class='ocrx_word' id='word_1_222' title='bbox 1485 2364 1644 2424; x_wconf 87' lang='lat' dir='ltr'>illum</span> <span class='ocrx_word' id='word_1_223' title='bbox 1675 2362 1884 2442; x_wconf 86' lang='lat' dir='ltr'>puerili</span> <span class='ocrx_word' id='word_1_224' title='bbox 1908 2360 2140 2437; x_wconf 82' lang='lat' dir='ltr'>habitu,</span> <span class='ocrx_word' id='word_1_225' title='bbox 2185 2380 2260 2422; x_wconf 88' lang='lat' dir='ltr'>ac</span> <span class='ocrx_word' id='word_1_226' title='bbox 2289 2380 2419 2440; x_wconf 86' lang='lat' dir='ltr'>per-</span> 
     </span>
     <span class='ocr_line' id='line_1_27' title="bbox 324 2446 2422 2530; baseline -0.003 -20"><span class='ocrx_word' id='word_1_227' title='bbox 324 2463 331 2491; x_wconf 75' lang='grc'>’</span> <span class='ocrx_word' id='word_1_228' title='bbox 419 2450 549 2510; x_wconf 88' lang='lat' dir='ltr'>inde</span> <span class='ocrx_word' id='word_1_229' title='bbox 577 2450 863 2511; x_wconf 78' lang='lat' dir='ltr'>fortunam</span> <span class='ocrx_word' id='word_1_230' title='bbox 890 2450 1186 2527; x_wconf 87' lang='lat' dir='ltr'>utriusque</span> <span class='ocrx_word' id='word_1_231' title='bbox 1214 2456 1631 2530; x_wconf 77' lang='lat' dir='ltr'>praesumeret.</span> <span class='ocrx_word' id='word_1_232' title='bbox 1695 2446 1860 2506; x_wconf 89' lang='lat' dir='ltr'>simul</span> <span class='ocrx_word' id='word_1_233' title='bbox 1897 2447 1996 2524; x_wconf 89' lang='lat' dir='ltr'>qui</span> <span class='ocrx_word' id='word_1_234' title='bbox 2025 2446 2422 2506; x_wconf 87' lang='lat' dir='ltr'>centurionum</span> 
     </span>
     <span class='ocr_line' id='line_1_28' title="bbox 420 2530 2422 2613; baseline -0.003 -18"><span class='ocrx_word' id='word_1_235' title='bbox 420 2534 891 2613; x_wconf 85' lang='lat' dir='ltr'>tribunorumque</span> <span class='ocrx_word' id='word_1_236' title='bbox 935 2542 1151 2593; x_wconf 86' lang='lat' dir='ltr'>sortem</span> <span class='ocrx_word' id='word_1_237' title='bbox 1184 2530 1497 2593; x_wconf 81' lang='lat' dir='ltr'>Britannici</span> <span class='ocrx_word' id='word_1_238' title='bbox 1535 2530 1988 2607; x_wconf 86' lang='lat' dir='ltr'>miserabantur,</span> <span class='ocrx_word' id='word_1_239' title='bbox 2031 2532 2230 2591; x_wconf 85' lang='lat' dir='ltr'>remoti</span> <span class='ocrx_word' id='word_1_240' title='bbox 2265 2532 2422 2591; x_wconf 81' lang='lat' dir='ltr'>fictis</span> 
     </span>
     <span class='ocr_line' id='line_1_29' title="bbox 421 2613 2424 2696; baseline -0.003 -17"><span class='ocrx_word' id='word_1_241' title='bbox 421 2620 610 2679; x_wconf 85' lang='lat' dir='ltr'>causis</span> <span class='ocrx_word' id='word_1_242' title='bbox 642 2626 703 2677; x_wconf 90' lang='lat' dir='ltr'>et</span> <span class='ocrx_word' id='word_1_243' title='bbox 736 2618 833 2682; x_wconf 88' lang='lat' dir='ltr'>alii</span> <span class='ocrx_word' id='word_1_244' title='bbox 862 2635 969 2696; x_wconf 88' lang='lat' dir='ltr'>per</span> <span class='ocrx_word' id='word_1_245' title='bbox 996 2616 1256 2695; x_wconf 87' lang='lat' dir='ltr'>speciem</span> <span class='ocrx_word' id='word_1_246' title='bbox 1294 2616 1566 2685; x_wconf 87' lang='lat' dir='ltr'>honoris;</span> <span class='ocrx_word' id='word_1_247' title='bbox 1611 2616 1782 2676; x_wconf 90' lang='lat' dir='ltr'>etiam</span> <span class='ocrx_word' id='word_1_248' title='bbox 1822 2613 2158 2676; x_wconf 84' lang='lat' dir='ltr'>libertorum</span> <span class='ocrx_word' id='word_1_249' title='bbox 2199 2616 2254 2673; x_wconf 84' lang='lat' dir='ltr'>si</span> <span class='ocrx_word' id='word_1_250' title='bbox 2291 2616 2424 2693; x_wconf 86' lang='lat' dir='ltr'>quis</span> 
     </span>
     <span class='ocr_line' id='line_1_30' title="bbox 418 2698 2422 2781; baseline -0.002 -21"><span class='ocrx_word' id='word_1_251' title='bbox 418 2704 751 2781; x_wconf 86' lang='lat' dir='ltr'>incorrupta</span> <span class='ocrx_word' id='word_1_252' title='bbox 783 2702 916 2779; x_wconf 86' lang='lat' dir='ltr'>fide,</span> <span class='ocrx_word' id='word_1_253' title='bbox 950 2699 1261 2779; x_wconf 88' lang='lat' dir='ltr'>depellitur</span> <span class='ocrx_word' id='word_1_254' title='bbox 1288 2700 1388 2759; x_wconf 89' lang='lat' dir='ltr'>tali</span> <span class='ocrx_word' id='word_1_255' title='bbox 1417 2701 1752 2761; x_wconf 80' lang='lat' dir='ltr'>occasione.</span> <span class='ocrx_word' id='word_1_256' title='bbox 1811 2698 1969 2759; x_wconf 87' lang='lat' dir='ltr'>obvii</span> <span class='ocrx_word' id='word_1_257' title='bbox 1994 2700 2142 2759; x_wconf 88' lang='lat' dir='ltr'>inter</span> <span class='ocrx_word' id='word_1_258' title='bbox 2168 2716 2240 2757; x_wconf 88' lang='lat' dir='ltr'>se</span> <span class='ocrx_word' id='word_1_259' title='bbox 2259 2699 2422 2759; x_wconf 86' lang='lat' dir='ltr'>Nero</span> 
     </span>
     <span class='ocr_line' id='line_1_31' title="bbox 353 2782 2424 2861; baseline -0.002 -17"><span class='ocrx_word' id='word_1_260' title='bbox 353 2810 402 2850; x_wconf 81' lang='lat'>15</span> <span class='ocrx_word' id='word_1_261' title='bbox 423 2785 807 2851; x_wconf 78' lang='lat' dir='ltr'>Britannicum</span> <span class='ocrx_word' id='word_1_262' title='bbox 832 2786 1091 2859; x_wconf 85' lang='lat' dir='ltr'>nomine,</span> <span class='ocrx_word' id='word_1_263' title='bbox 1139 2783 1240 2843; x_wconf 90' lang='lat' dir='ltr'>ille</span> <span class='ocrx_word' id='word_1_264' title='bbox 1277 2782 1586 2847; x_wconf 87' lang='lat' dir='ltr'>Domitium</span> <span class='ocrx_word' id='word_1_265' title='bbox 1613 2784 1961 2845; x_wconf 84' lang='lat' dir='ltr'>salutavere.</span> <span class='ocrx_word' id='word_1_266' title='bbox 2023 2782 2181 2861; x_wconf 87' lang='lat' dir='ltr'>quod</span> <span class='ocrx_word' id='word_1_267' title='bbox 2211 2792 2280 2843; x_wconf 86' lang='lat' dir='ltr'>nt</span> <span class='ocrx_word' id='word_1_268' title='bbox 2313 2782 2424 2842; x_wconf 86' lang='lat' dir='ltr'>dis-</span> 
     </span>
     <span class='ocr_line' id='line_1_32' title="bbox 422 2867 2422 2948; baseline -0.002 -19"><span class='ocrx_word' id='word_1_269' title='bbox 422 2868 658 2929; x_wconf 84' lang='lat' dir='ltr'>cordiae</span> <span class='ocrx_word' id='word_1_270' title='bbox 697 2871 913 2929; x_wconf 88' lang='lat' dir='ltr'>initium</span> <span class='ocrx_word' id='word_1_271' title='bbox 953 2867 1276 2947; x_wconf 82' lang='lat' dir='ltr'>Agrippina</span> <span class='ocrx_word' id='word_1_272' title='bbox 1320 2868 1496 2929; x_wconf 88' lang='lat' dir='ltr'>multo</span> <span class='ocrx_word' id='word_1_273' title='bbox 1539 2878 1748 2948; x_wconf 85' lang='lat' dir='ltr'>questu</span> <span class='ocrx_word' id='word_1_274' title='bbox 1783 2867 1853 2928; x_wconf 88' lang='lat' dir='ltr'>ad</span> <span class='ocrx_word' id='word_1_275' title='bbox 1894 2868 2158 2929; x_wconf 88' lang='lat' dir='ltr'>maritum</span> <span class='ocrx_word' id='word_1_276' title='bbox 2199 2868 2422 2927; x_wconf 79' lang='lat' dir='ltr'>defert:</span> 
     </span>
     <span class='ocr_line' id='line_1_33' title="bbox 420 2951 2424 3032; baseline -0.001 -19"><span class='ocrx_word' id='word_1_277' title='bbox 420 2954 620 3029; x_wconf 86' lang='lat' dir='ltr'>sperni</span> <span class='ocrx_word' id='word_1_278' title='bbox 642 2953 871 3032; x_wconf 87' lang='lat' dir='ltr'>‘quippe</span> <span class='ocrx_word' id='word_1_279' title='bbox 902 2951 1295 3030; x_wconf 87' lang='lat' dir='ltr'>adoptionem,</span> <span class='ocrx_word' id='word_1_280' title='bbox 1329 2970 1593 3032; x_wconf 85' lang='lat' dir='ltr'>quaeque</span> <span class='ocrx_word' id='word_1_281' title='bbox 1624 2954 1954 3013; x_wconf 84' lang='lat' dir='ltr'>censuerint</span> <span class='ocrx_word' id='word_1_282' title='bbox 1985 2960 2206 3029; x_wconf 61' lang='lat' dir='ltr'>patrm,</span> <span class='ocrx_word' id='word_1_283' title='bbox 2243 2954 2424 3012; x_wconf 85' lang='lat' dir='ltr'>insse·</span> 
     </span>
     <span class='ocr_line' id='line_1_34' title="bbox 419 3035 2424 3115; baseline -0.001 -20"><span class='ocrx_word' id='word_1_284' title='bbox 419 3038 493 3096; x_wconf 85' lang='lat' dir='ltr'>rit</span> <span class='ocrx_word' id='word_1_285' title='bbox 519 3035 801 3114; x_wconf 86' lang='lat' dir='ltr'>populus,</span> <span class='ocrx_word' id='word_1_286' title='bbox 848 3037 999 3096; x_wconf 85' lang='lat' dir='ltr'>intra</span> <span class='ocrx_word' id='word_1_287' title='bbox 1041 3044 1284 3115; x_wconf 86' lang='lat' dir='ltr'>penates</span> <span class='ocrx_word' id='word_1_288' title='bbox 1319 3036 1623 3115; x_wconf 73' lang='lat' dir='ltr'>abrogari:</span> <span class='ocrx_word' id='word_1_289' title='bbox 1671 3056 1740 3098; x_wconf 87' lang='lat' dir='ltr'>ac</span> <span class='ocrx_word' id='word_1_290' title='bbox 1769 3037 1876 3096; x_wconf 86' lang='lat' dir='ltr'>nisi</span> <span class='ocrx_word' id='word_1_291' title='bbox 1905 3038 2162 3115; x_wconf 84' lang='lat' dir='ltr'>pravitas</span> <span class='ocrx_word' id='word_1_292' title='bbox 2195 3045 2316 3097; x_wconf 85' lang='lat' dir='ltr'>tam</span> <span class='ocrx_word' id='word_1_293' title='bbox 2347 3038 2424 3094; x_wconf 89' lang='lat' dir='ltr'>in-</span> 
     </span>
     <span class='ocr_line' id='line_1_35' title="bbox 419 3115 2422 3201; baseline -0.001 -22"><span class='ocrx_word' id='word_1_294' title='bbox 419 3120 589 3181; x_wconf 86' lang='lat' dir='ltr'>fensa</span> <span class='ocrx_word' id='word_1_295' title='bbox 627 3118 969 3179; x_wconf 72' lang='lat' dir='ltr'>docentium</span> <span class='ocrx_word' id='word_1_296' title='bbox 990 3129 1284 3199; x_wconf 87' lang='lat' dir='ltr'>arceatur,</span> <span class='ocrx_word' id='word_1_297' title='bbox 1331 3130 1601 3200; x_wconf 85' lang='lat' dir='ltr'>eruptura</span> <span class='ocrx_word' id='word_1_298' title='bbox 1645 3124 1702 3181; x_wconf 90' lang='lat' dir='ltr'>in</span> <span class='ocrx_word' id='word_1_299' title='bbox 1745 3115 2036 3201; x_wconf 83' lang='lat' dir='ltr'>publicam</span> <span class='ocrx_word' id='word_1_300' title='bbox 2079 3122 2422 3200; x_wconf 86' lang='lat' dir='ltr'>perniciem.</span> 
     </span>
     <span class='ocr_line' id='line_1_36' title="bbox 348 3202 2424 3285; baseline -0.001 -20"><span class='ocrx_word' id='word_1_301' title='bbox 348 3225 403 3265; x_wconf 85' lang='lat'>20</span> <span class='ocrx_word' id='word_1_302' title='bbox 425 3210 744 3263; x_wconf 83' lang='lat' dir='ltr'>commotus</span> <span class='ocrx_word' id='word_1_303' title='bbox 770 3202 858 3263; x_wconf 91' lang='lat' dir='ltr'>his</span> <span class='ocrx_word' id='word_1_304' title='bbox 884 3206 1049 3282; x_wconf 84' lang='lat' dir='ltr'>quasi</span> <span class='ocrx_word' id='word_1_305' title='bbox 1078 3204 1406 3266; x_wconf 85' lang='lat' dir='ltr'>criminibus</span> <span class='ocrx_word' id='word_1_306' title='bbox 1439 3208 1712 3285; x_wconf 87' lang='lat' dir='ltr'>optimum</span> <span class='ocrx_word' id='word_1_307' title='bbox 1737 3222 2022 3284; x_wconf 85' lang='lat' dir='ltr'>quemque</span> <span class='ocrx_word' id='word_1_308' title='bbox 2047 3203 2424 3267; x_wconf 86' lang='lat' dir='ltr'>educatorem</span> 
     </span>
     <span class='ocr_line' id='line_1_37' title="bbox 421 3286 2469 3369; baseline 0 -22"><span class='ocrx_word' id='word_1_309' title='bbox 421 3286 523 3347; x_wconf 82' lang='lat' dir='ltr'>filii</span> <span class='ocrx_word' id='word_1_310' title='bbox 556 3286 731 3347; x_wconf 85' lang='lat' dir='ltr'>exilio</span> <span class='ocrx_word' id='word_1_311' title='bbox 759 3297 853 3348; x_wconf 91' lang='lat' dir='ltr'>aut</span> <span class='ocrx_word' id='word_1_312' title='bbox 878 3299 1064 3349; x_wconf 90' lang='lat' dir='ltr'>morte</span> <span class='ocrx_word' id='word_1_313' title='bbox 1092 3288 1288 3349; x_wconf 79' lang='lat' dir='ltr'>adficit</span> <span class='ocrx_word' id='word_1_314' title='bbox 1316 3288 1598 3369; x_wconf 86' lang='lat' dir='ltr'>datosque</span> <span class='ocrx_word' id='word_1_315' title='bbox 1623 3309 1656 3350; x_wconf 87' lang='lat' dir='ltr'>a</span> <span class='ocrx_word' id='word_1_316' title='bbox 1678 3307 1936 3349; x_wconf 83' lang='lat' dir='ltr'>noverca</span> <span class='ocrx_word' id='word_1_317' title='bbox 1965 3290 2280 3351; x_wconf 82' lang='lat' dir='ltr'>custodiae</span> <span class='ocrx_word' id='word_1_318' title='bbox 2299 3292 2422 3351; x_wconf 83' lang='lat' dir='ltr'>eius</span> <span class='ocrx_word' id='word_1_319' title='bbox 2467 3306 2469 3313; x_wconf 91' lang='lat'>·</span> 
     </span>
     <span class='ocr_line' id='line_1_38' title="bbox 422 3371 1055 3450; baseline 0 -22"><span class='ocrx_word' id='word_1_320' title='bbox 422 3371 663 3450; x_wconf 88' lang='lat' dir='ltr'>inponit.</span> <span class='ocrx_word' id='word_1_321' title='bbox 1050 3381 1055 3386; x_wconf 86' lang='lat'>&#39;</span> 
     </span>
     <span class='ocr_line' id='line_1_39' title="bbox 544 3452 2420 3553; baseline 0 -38"><span class='ocrx_word' id='word_1_322' title='bbox 544 3452 646 3515; x_wconf 87' lang='grc'>42.</span> <span class='ocrx_word' id='word_1_323' title='bbox 695 3454 957 3553; x_wconf 80' lang='lat' dir='ltr'>Nondum</span> <span class='ocrx_word' id='word_1_324' title='bbox 994 3466 1183 3517; x_wconf 86' lang='lat' dir='ltr'>tamen</span> <span class='ocrx_word' id='word_1_325' title='bbox 1212 3474 1428 3518; x_wconf 87' lang='lat' dir='ltr'>summa</span> <span class='ocrx_word' id='word_1_326' title='bbox 1455 3457 1643 3518; x_wconf 82' lang='lat' dir='ltr'>moliri</span> <span class='ocrx_word' id='word_1_327' title='bbox 1673 3457 2002 3537; x_wconf 77' lang='lat' dir='ltr'>Agrippina</span> <span class='ocrx_word' id='word_1_328' title='bbox 2038 3458 2322 3543; x_wconf 61' lang='lat' dir='ltr'>audebat,</span> <span class='ocrx_word' id='word_1_329' title='bbox 2367 3458 2420 3517; x_wconf 83' lang='lat' dir='ltr'>ni</span> 
     </span>
    </p>
   </div>
   <div class='ocr_carea' id='block_1_5' title="bbox 2468 0 2470 686">
    <p class='ocr_par' dir='ltr' id='par_1_5' title="bbox 2468 0 2470 686">
     <span class='ocr_line' id='line_1_40' title="bbox 2468 0 2470 686; baseline 0 0"><span class='ocrx_word' id='word_1_330' title='bbox 2468 0 2470 686; x_wconf 95' lang='lat' dir='ltr'> </span> 
     </span>
    </p>
   </div>
   <div class='ocr_carea' id='block_1_6' title="bbox 2468 0 2470 855">
    <p class='ocr_par' dir='ltr' id='par_1_6' title="bbox 2468 0 2470 855">
     <span class='ocr_line' id='line_1_41' title="bbox 2468 0 2470 855; baseline 0 0"><span class='ocrx_word' id='word_1_331' title='bbox 2468 0 2470 855; x_wconf 95' lang='lat' dir='ltr'> </span> 
     </span>
    </p>
   </div>
   <div class='ocr_carea' id='block_1_7' title="bbox 2468 1077 2469 1992">
    <p class='ocr_par' dir='ltr' id='par_1_7' title="bbox 2468 1077 2469 1992">
     <span class='ocr_line' id='line_1_42' title="bbox 2468 1077 2469 1992; baseline 0 0"><span class='ocrx_word' id='word_1_332' title='bbox 2468 1077 2469 1992; x_wconf 95' lang='lat' dir='ltr'> </span> 
     </span>
    </p>
   </div>
  </div>
 </body>
</html>
