<?xml version="1.0" encoding="UTF-8"?>
<!DOCTYPE html PUBLIC "-//W3C//DTD XHTML 1.0 Transitional//EN"
    "http://www.w3.org/TR/xhtml1/DTD/xhtml1-transitional.dtd">
<html xmlns="http://www.w3.org/1999/xhtml" xml:lang="en" lang="en">
 <head>
  <title>
</title>
<meta http-equiv="Content-Type" content="text/html;charset=utf-8" />
  <meta name='ocr-system' content='tesseract 3.04.00' />
  <meta name='ocr-capabilities' content='ocr_page ocr_carea ocr_par ocr_line ocrx_word'/>
</head>
<body>
  <div class='ocr_page' id='page_1' title='image "./corneltacitilib00unkngoog_0219.png"; bbox 0 0 2475 4000; ppageno 0'>
   <div class='ocr_carea' id='block_1_1' title="bbox 524 207 2068 297">
    <p class='ocr_par' dir='ltr' id='par_1_1' title="bbox 524 207 2068 297">
     <span class='ocr_line' id='line_1_1' title="bbox 524 207 2068 297; baseline 0.004 -22"><span class='ocrx_word' id='word_1_1' title='bbox 524 227 731 276; x_wconf 73' lang='lat' dir='ltr'><strong>mmm</strong></span> <span class='ocrx_word' id='word_1_2' title='bbox 770 227 865 275; x_wconf 76' lang='lat' dir='ltr'><strong>vl.</strong></span> <span class='ocrx_word' id='word_1_3' title='bbox 910 207 1065 276; x_wconf 62' lang='lat' dir='ltr'><strong>car.</strong></span> <span class='ocrx_word' id='word_1_4' title='bbox 1099 223 1321 280; x_wconf 82' lang='lat'>14——18</span> <span class='ocrx_word' id='word_1_5' title='bbox 1359 210 1625 297; x_wconf 77' lang='lat'><strong>(8--12).</strong></span> <span class='ocrx_word' id='word_1_6' title='bbox 1691 265 1699 282; x_wconf 83' lang='grc'><strong><em>,</em></strong></span> <span class='ocrx_word' id='word_1_7' title='bbox 1949 219 2068 281; x_wconf 76' lang='grc'><strong>159</strong></span> 
     </span>
    </p>
   </div>
   <div class='ocr_carea' id='block_1_2' title="bbox 100 380 2150 3594">
    <p class='ocr_par' dir='ltr' id='par_1_2' title="bbox 106 380 2146 1207">
     <span class='ocr_line' id='line_1_2' title="bbox 214 380 2141 462; baseline 0.002 -17"><span class='ocrx_word' id='word_1_8' title='bbox 214 383 305 444; x_wconf 85' lang='grc'><strong>16.</strong></span> <span class='ocrx_word' id='word_1_9' title='bbox 362 381 455 442; x_wconf 86' lang='lat' dir='ltr'><strong>Ne</strong></span> <span class='ocrx_word' id='word_1_10' title='bbox 494 381 761 442; x_wconf 83' lang='lat' dir='ltr'><strong>feminae·</strong></span> <span class='ocrx_word' id='word_1_11' title='bbox 782 380 1011 460; x_wconf 83' lang='lat' dir='ltr'><strong>quidem</strong></span> <span class='ocrx_word' id='word_1_12' title='bbox 1053 390 1328 442; x_wconf 76' lang='lat' dir='ltr'><strong>exsortes</strong></span> <span class='ocrx_word' id='word_1_13' title='bbox 1370 381 1634 461; x_wconf 85' lang='lat' dir='ltr'><strong>periculi.</strong></span> <span class='ocrx_word' id='word_1_14' title='bbox 1711 386 1843 462; x_wconf 83' lang='lat' dir='ltr'><strong>quia</strong></span> <span class='ocrx_word' id='word_1_15' title='bbox 1890 401 2058 446; x_wconf 85' lang='lat' dir='ltr'><strong>oceu-</strong></span> <span class='ocrx_word' id='word_1_16' title='bbox 2080 398 2141 452; x_wconf 77' lang='lat' dir='ltr'><strong>lo</strong></span> 
     </span>
     <span class='ocr_line' id='line_1_3' title="bbox 108 465 2068 548; baseline 0.002 -21"><span class='ocrx_word' id='word_1_17' title='bbox 108 466 299 548; x_wconf 74' lang='lat' dir='ltr'><strong>pardae</strong></span> <span class='ocrx_word' id='word_1_18' title='bbox 335 467 422 526; x_wconf 83' lang='lat' dir='ltr'><strong>rei</strong></span> <span class='ocrx_word' id='word_1_19' title='bbox 450 465 717 544; x_wconf 86' lang='lat' dir='ltr'><strong>publicae</strong></span> <span class='ocrx_word' id='word_1_20' title='bbox 744 467 907 542; x_wconf 81' lang='lat' dir='ltr'><strong>argui</strong></span> <span class='ocrx_word' id='word_1_21' title='bbox 938 483 1057 526; x_wconf 89' lang='lat' dir='ltr'><strong>non</strong></span> <span class='ocrx_word' id='word_1_22' title='bbox 1088 474 1360 545; x_wconf 85' lang='lat' dir='ltr'><strong>poterant</strong></span> <span class='ocrx_word' id='word_1_23' title='bbox 1377 511 1394 542; x_wconf 93' lang='lat'><strong>,</strong></span> <span class='ocrx_word' id='word_1_24' title='bbox 1427 465 1504 524; x_wconf 86' lang='lat' dir='ltr'><strong>ob</strong></span> <span class='ocrx_word' id='word_1_25' title='bbox 1535 465 1804 528; x_wconf 86' lang='lat' dir='ltr'><strong>lacrimas</strong></span> <span class='ocrx_word' id='word_1_26' title='bbox 1845 469 2068 530; x_wconf 84' lang='lat' dir='ltr'><strong>incusa-</strong></span> 
     </span>
     <span class='ocr_line' id='line_1_4' title="bbox 106 548 2068 632; baseline 0.001 -20"><span class='ocrx_word' id='word_1_27' title='bbox 106 553 305 620; x_wconf 69' lang='lat' dir='ltr'><strong>hautun</strong></span> <span class='ocrx_word' id='word_1_28' title='bbox 336 559 657 628; x_wconf 74' lang='lat' dir='ltr'><strong>necataque</strong></span> <span class='ocrx_word' id='word_1_29' title='bbox 690 558 781 610; x_wconf 86' lang='lat' dir='ltr'><strong>est</strong></span> <span class='ocrx_word' id='word_1_30' title='bbox 812 567 955 610; x_wconf 86' lang='lat' dir='ltr'><strong>anus</strong></span> <span class='ocrx_word' id='word_1_31' title='bbox 988 551 1174 627; x_wconf 87' lang='lat' dir='ltr'><strong>Vitia,</strong></span> <span class='ocrx_word' id='word_1_32' title='bbox 1204 549 1366 609; x_wconf 81' lang='lat' dir='ltr'><strong>&#39;Fufii</strong></span> <span class='ocrx_word' id='word_1_33' title='bbox 1398 548 1618 610; x_wconf 82' lang='lat' dir='ltr'>Gemini</span> <span class='ocrx_word' id='word_1_34' title='bbox 1653 560 1868 629; x_wconf 88' lang='lat' dir='ltr'><strong>mater,</strong></span> <span class='ocrx_word' id='word_1_35' title='bbox 1913 554 2068 632; x_wconf 82' lang='lat' dir='ltr'><strong>quod</strong></span> 
     </span>
     <span class='ocr_line' id='line_1_5' title="bbox 109 633 2070 718; baseline 0.001 -21"><span class='ocrx_word' id='word_1_36' title='bbox 109 637 183 698; x_wconf 84' lang='lat' dir='ltr'><strong>lilii</strong></span> <span class='ocrx_word' id='word_1_37' title='bbox 220 653 419 703; x_wconf 79' lang='lat' dir='ltr'><strong>necem</strong></span> <span class='ocrx_word' id='word_1_38' title='bbox 458 635 751 696; x_wconf 49' lang='lat' dir='ltr'><strong>flevisset..</strong></span> <span class='ocrx_word' id='word_1_39' title='bbox 804 633 949 694; x_wconf 86' lang='lat' dir='ltr'><strong>haec</strong></span> <span class='ocrx_word' id='word_1_40' title='bbox 996 634 1148 713; x_wconf 86' lang='lat' dir='ltr'><strong>apud</strong></span> <span class='ocrx_word' id='word_1_41' title='bbox 1194 643 1490 695; x_wconf 86' lang='lat' dir='ltr'><strong>senatum:</strong></span> <span class='ocrx_word' id='word_1_42' title='bbox 1547 652 1658 693; x_wconf 91' lang='lat' dir='ltr'><strong>nec</strong></span> <span class='ocrx_word' id='word_1_43' title='bbox 1703 653 1876 696; x_wconf 83' lang='lat' dir='ltr'><strong>secus</strong></span> <span class='ocrx_word' id='word_1_44' title='bbox 1917 638 2070 718; x_wconf 82' lang='lat' dir='ltr'><strong>apud</strong></span> 
     </span>
     <span class='ocr_line' id='line_1_6' title="bbox 109 717 2122 798; baseline 0.003 -20"><span class='ocrx_word' id='word_1_45' title='bbox 109 720 389 798; x_wconf 81' lang='lat' dir='ltr'><strong>principem</strong></span> <span class='ocrx_word' id='word_1_46' title='bbox 420 718 797 780; x_wconf 69' lang='lat' dir='ltr'><strong>Vescularius</strong></span> <span class='ocrx_word' id='word_1_47' title='bbox 820 717 1072 778; x_wconf 85' lang='lat' dir='ltr'><strong>Flaccus</strong></span> <span class='ocrx_word' id='word_1_48' title='bbox 1104 737 1173 778; x_wconf 89' lang='lat' dir='ltr'><strong>ac</strong></span> <span class='ocrx_word' id='word_1_49' title='bbox 1207 717 1386 779; x_wconf 89' lang='lat' dir='ltr'><strong>Iulius</strong></span> <span class='ocrx_word' id='word_1_50' title='bbox 1414 718 1664 779; x_wconf 75' lang='lat' dir='ltr'><strong>Marinus</strong></span> <span class='ocrx_word' id='word_1_51' title='bbox 1707 719 1782 778; x_wconf 86' lang='lat' dir='ltr'><strong>ad</strong></span> <span class='ocrx_word' id='word_1_52' title='bbox 1825 731 2066 782; x_wconf 84' lang='lat' dir='ltr'><strong>mortem</strong></span> <span class='ocrx_word' id='word_1_53' title='bbox 2094 745 2122 784; x_wconf 82' lang='lat'><strong>5</strong></span> 
     </span>
     <span class='ocr_line' id='line_1_7' title="bbox 111 802 2072 885; baseline 0.001 -21"><span class='ocrx_word' id='word_1_54' title='bbox 111 812 333 880; x_wconf 76' lang='lat' dir='ltr'><strong>aguntur,</strong></span> <span class='ocrx_word' id='word_1_55' title='bbox 366 822 401 864; x_wconf 88' lang='lat' dir='ltr'><strong>e</strong></span> <span class='ocrx_word' id='word_1_56' title='bbox 427 804 834 863; x_wconf 84' lang='lat' dir='ltr'><strong>vetustissimis</strong></span> <span class='ocrx_word' id='word_1_57' title='bbox 862 803 1257 879; x_wconf 72' lang='lat' dir='ltr'><strong>familiarium,</strong></span> <span class='ocrx_word' id='word_1_58' title='bbox 1294 802 1558 863; x_wconf 87' lang='lat' dir='ltr'><strong>Rhodum</strong></span> <span class='ocrx_word' id='word_1_59' title='bbox 1587 804 1774 862; x_wconf 87' lang='lat' dir='ltr'><strong>secuti</strong></span> <span class='ocrx_word' id='word_1_60' title='bbox 1815 807 1878 863; x_wconf 88' lang='lat' dir='ltr'><strong>et</strong></span> <span class='ocrx_word' id='word_1_61' title='bbox 1920 806 2072 885; x_wconf 86' lang='lat' dir='ltr'><strong>apud</strong></span> 
     </span>
     <span class='ocr_line' id='line_1_8' title="bbox 113 886 2072 966; baseline 0.001 -18"><span class='ocrx_word' id='word_1_62' title='bbox 113 887 331 966; x_wconf 78' lang='lat' dir='ltr'><strong>Capreas</strong></span> <span class='ocrx_word' id='word_1_63' title='bbox 364 887 672 964; x_wconf 80' lang='lat' dir='ltr'><strong>individui,</strong></span> <span class='ocrx_word' id='word_1_64' title='bbox 717 886 1093 948; x_wconf 73' lang='lat' dir='ltr'><strong>Vescularius</strong></span> <span class='ocrx_word' id='word_1_65' title='bbox 1121 887 1451 946; x_wconf 87' lang='lat' dir='ltr'><strong>insidiarum</strong></span> <span class='ocrx_word' id='word_1_66' title='bbox 1491 889 1549 946; x_wconf 88' lang='lat' dir='ltr'><strong>in</strong></span> <span class='ocrx_word' id='word_1_67' title='bbox 1581 887 1856 947; x_wconf 82' lang='lat' dir='ltr'><strong>Libonem</strong></span> <span class='ocrx_word' id='word_1_68' title='bbox 1899 889 2072 949; x_wconf 86' lang='lat' dir='ltr'><strong>inter·</strong></span> 
     </span>
     <span class='ocr_line' id='line_1_9' title="bbox 110 969 2072 1052; baseline 0.001 -21"><span class='ocrx_word' id='word_1_69' title='bbox 110 973 319 1040; x_wconf 75' lang='lat' dir='ltr'><strong>nuntius·;</strong></span> <span class='ocrx_word' id='word_1_70' title='bbox 362 971 588 1032; x_wconf 86' lang='lat' dir='ltr'><strong>Marino·</strong></span> <span class='ocrx_word' id='word_1_71' title='bbox 627 972 913 1051; x_wconf 81' lang='lat' dir='ltr'><strong>participe</strong></span> <span class='ocrx_word' id='word_1_72' title='bbox 958 971 1201 1031; x_wconf 87' lang='lat' dir='ltr'><strong>Seianus</strong></span> <span class='ocrx_word' id='word_1_73' title='bbox 1251 969 1503 1032; x_wconf 83' lang='lat' dir='ltr'><strong>Curtium</strong></span> <span class='ocrx_word' id='word_1_74' title='bbox 1531 971 1785 1032; x_wconf 83' lang='lat' dir='ltr'><strong>Atticum</strong></span> <span class='ocrx_word' id='word_1_75' title='bbox 1825 990 2072 1052; x_wconf 86' lang='lat' dir='ltr'><strong>oppres·</strong></span> 
     </span>
     <span class='ocr_line' id='line_1_10' title="bbox 111 1055 2072 1136; baseline 0 -20"><span class='ocrx_word' id='word_1_76' title='bbox 111 1065 243 1118; x_wconf 82' lang='lat' dir='ltr'><strong>serat.</strong></span> <span class='ocrx_word' id='word_1_77' title='bbox 312 1073 431 1136; x_wconf 80' lang='lat' dir='ltr'><strong>quo</strong></span> <span class='ocrx_word' id='word_1_78' title='bbox 466 1056 674 1116; x_wconf 89' lang='lat' dir='ltr'><strong>laetius</strong></span> <span class='ocrx_word' id='word_1_79' title='bbox 704 1064 1010 1136; x_wconf 85' lang='lat' dir='ltr'><strong>acceptum</strong></span> <span class='ocrx_word' id='word_1_80' title='bbox 1040 1074 1142 1116; x_wconf 86' lang='lat' dir='ltr'><strong>sua</strong></span> <span class='ocrx_word' id='word_1_81' title='bbox 1177 1055 1448 1136; x_wconf 84' lang='lat' dir='ltr'><strong>exempla</strong></span> <span class='ocrx_word' id='word_1_82' title='bbox 1478 1057 1535 1116; x_wconf 89' lang='lat' dir='ltr'><strong>in</strong></span> <span class='ocrx_word' id='word_1_83' title='bbox 1572 1056 1940 1118; x_wconf 79' lang='lat' dir='ltr'><strong>consultores</strong></span> <span class='ocrx_word' id='word_1_84' title='bbox 1982 1073 2072 1116; x_wconf 89' lang='lat' dir='ltr'><strong>re-</strong></span> 
     </span>
     <span class='ocr_line' id='line_1_11' title="bbox 111 1140 2146 1207; baseline 0.004 -9"><span class='ocrx_word' id='word_1_85' title='bbox 111 1140 299 1200; x_wconf 78' lang='lat' dir='ltr'><strong>cidisse.</strong></span> <span class='ocrx_word' id='word_1_86' title='bbox 1759 1145 1768 1160; x_wconf 88' lang='lat'><em>&#39;</em></span> <span class='ocrx_word' id='word_1_87' title='bbox 2095 1167 2146 1207; x_wconf 81' lang='grc' dir='ltr'><strong>ιο</strong></span> 
     </span>
    </p>

    <p class='ocr_par' dir='ltr' id='par_1_3' title="bbox 106 1222 2146 1892">
     <span class='ocr_line' id='line_1_12' title="bbox 201 1222 2072 1304; baseline 0 -20"><span class='ocrx_word' id='word_1_88' title='bbox 201 1225 305 1285; x_wconf 89' lang='lat' dir='ltr'><strong>Per</strong></span> <span class='ocrx_word' id='word_1_89' title='bbox 333 1224 488 1286; x_wconf 87' lang='lat' dir='ltr'><strong>idem</strong></span> <span class='ocrx_word' id='word_1_90' title='bbox 523 1232 753 1304; x_wconf 87' lang='lat' dir='ltr'><strong>tempus</strong></span> <span class='ocrx_word' id='word_1_91' title='bbox 779 1224 841 1284; x_wconf 89' lang='lat' dir='ltr'><strong>L.</strong></span> <span class='ocrx_word' id='word_1_92' title='bbox 867 1222 1001 1283; x_wconf 89' lang='lat' dir='ltr'><strong>Piso</strong></span> <span class='ocrx_word' id='word_1_93' title='bbox 1034 1225 1334 1302; x_wconf 78' lang='lat' dir='ltr'><strong>pontifex,</strong></span> <span class='ocrx_word' id='word_1_94' title='bbox 1378 1243 1568 1284; x_wconf 87' lang='lat' dir='ltr'><strong>rarum</strong></span> <span class='ocrx_word' id='word_1_95' title='bbox 1610 1226 1668 1284; x_wconf 90' lang='lat' dir='ltr'><strong>in</strong></span> <span class='ocrx_word' id='word_1_96' title='bbox 1709 1233 1864 1285; x_wconf 88' lang='lat' dir='ltr'><strong>tanta</strong></span> <span class='ocrx_word' id='word_1_97' title='bbox 1905 1224 2072 1286; x_wconf 89' lang='lat' dir='ltr'><strong>clari-</strong></span> 
     </span>
     <span class='ocr_line' id='line_1_13' title="bbox 109 1307 2096 1387; baseline 0.001 -21"><span class='ocrx_word' id='word_1_98' title='bbox 109 1308 286 1384; x_wconf 81' lang='lat' dir='ltr'><strong>tudine,</strong></span> <span class='ocrx_word' id='word_1_99' title='bbox 322 1308 449 1368; x_wconf 84' lang='lat' dir='ltr'><strong>fato</strong></span> <span class='ocrx_word' id='word_1_100' title='bbox 488 1307 663 1386; x_wconf 81' lang='lat' dir='ltr'><strong>obiit,</strong></span> <span class='ocrx_word' id='word_1_101' title='bbox 716 1307 925 1368; x_wconf 88' lang='lat' dir='ltr'><strong>nullius</strong></span> <span class='ocrx_word' id='word_1_102' title='bbox 961 1308 1191 1368; x_wconf 84' lang='lat' dir='ltr'><strong>servilis</strong></span> <span class='ocrx_word' id='word_1_103' title='bbox 1229 1309 1552 1368; x_wconf 87' lang='lat' dir='ltr'><strong>sententiae</strong></span> <span class='ocrx_word' id='word_1_104' title='bbox 1597 1317 1808 1387; x_wconf 88' lang='lat' dir='ltr'><strong>sponte</strong></span> <span class='ocrx_word' id='word_1_105' title='bbox 1853 1318 2096 1386; x_wconf 86' lang='lat' dir='ltr'><strong>auctor,·</strong></span> 
     </span>
     <span class='ocr_line' id='line_1_14' title="bbox 109 1392 2122 1472; baseline 0.001 -22"><span class='ocrx_word' id='word_1_106' title='bbox 109 1401 149 1450; x_wconf 81' lang='lat' dir='ltr'><strong>et</strong></span> <span class='ocrx_word' id='word_1_107' title='bbox 180 1395 437 1470; x_wconf 83' lang='lat' dir='ltr'><strong>quotiens</strong></span> <span class='ocrx_word' id='word_1_108' title='bbox 480 1395 805 1452; x_wconf 81' lang='lat' dir='ltr'><strong>necessitas</strong></span> <span class='ocrx_word' id='word_1_109' title='bbox 846 1392 1175 1470; x_wconf 78' lang='lat' dir='ltr'><strong>ingrueret,</strong></span> <span class='ocrx_word' id='word_1_110' title='bbox 1224 1394 1522 1472; x_wconf 82' lang='lat' dir='ltr'><strong>sapienter</strong></span> <span class='ocrx_word' id='word_1_111' title='bbox 1558 1393 1887 1454; x_wconf 82' lang='lat' dir='ltr'><strong>moderans.</strong></span> <span class='ocrx_word' id='word_1_112' title='bbox 1973 1410 2072 1472; x_wconf 89' lang='lat' dir='ltr'><strong>pa·</strong></span> <span class='ocrx_word' id='word_1_113' title='bbox 2115 1427 2122 1434; x_wconf 82' lang='lat'><strong>·</strong></span> 
     </span>
     <span class='ocr_line' id='line_1_15' title="bbox 107 1476 2074 1555; baseline 0.001 -21"><span class='ocrx_word' id='word_1_114' title='bbox 107 1485 215 1536; x_wconf 80' lang='lat' dir='ltr'><strong>trem</strong></span> <span class='ocrx_word' id='word_1_115' title='bbox 242 1476 295 1536; x_wconf 89' lang='lat' dir='ltr'><strong>ei</strong></span> <span class='ocrx_word' id='word_1_116' title='bbox 324 1477 657 1538; x_wconf 85' lang='lat' dir='ltr'><strong>censorium</strong></span> <span class='ocrx_word' id='word_1_117' title='bbox 692 1476 873 1536; x_wconf 86' lang='lat' dir='ltr'><strong>fuisse</strong></span> <span class='ocrx_word' id='word_1_118' title='bbox 920 1478 1265 1546; x_wconf 61' lang='lat' dir='ltr'><strong>memora-Vh</strong></span> <span class='ocrx_word' id='word_1_119' title='bbox 1307 1486 1470 1537; x_wconf 87' lang='lat' dir='ltr'><strong>aetas</strong></span> <span class='ocrx_word' id='word_1_120' title='bbox 1511 1477 1582 1539; x_wconf 88' lang='lat' dir='ltr'><strong>ad</strong></span> <span class='ocrx_word' id='word_1_121' title='bbox 1616 1479 2074 1555; x_wconf 83' lang='lat' dir='ltr'><strong>octogensimum</strong></span> 
     </span>
     <span class='ocr_line' id='line_1_16' title="bbox 106 1560 2146 1641; baseline 0.001 -23"><span class='ocrx_word' id='word_1_122' title='bbox 106 1577 267 1619; x_wconf 77' lang='lat' dir='ltr'><strong>aunum</strong></span> <span class='ocrx_word' id='word_1_123' title='bbox 314 1562 641 1639; x_wconf 65' lang='lat' dir='ltr'><strong>processitj</strong></span> <span class='ocrx_word' id='word_1_124' title='bbox 702 1560 883 1621; x_wconf 83' lang='lat' dir='ltr'><strong>decus</strong></span> <span class='ocrx_word' id='word_1_125' title='bbox 929 1561 1272 1641; x_wconf 82' lang='lat' dir='ltr'><strong>triumphale</strong></span> <span class='ocrx_word' id='word_1_126' title='bbox 1325 1564 1382 1622; x_wconf 93' lang='lat' dir='ltr'><strong>in</strong></span> <span class='ocrx_word' id='word_1_127' title='bbox 1424 1561 1706 1624; x_wconf 85' lang='lat' dir='ltr'><strong>Thraecia</strong></span> <span class='ocrx_word' id='word_1_128' title='bbox 1764 1571 2070 1622; x_wconf 84' lang='lat' dir='ltr'><strong>meruerat.</strong></span> <span class='ocrx_word' id='word_1_129' title='bbox 2096 1573 2146 1613; x_wconf 78' lang='lat'><strong>15</strong></span> 
     </span>
     <span class='ocr_line' id='line_1_17' title="bbox 107 1644 2074 1727; baseline 0.001 -23"><span class='ocrx_word' id='word_1_130' title='bbox 107 1644 181 1704; x_wconf 78' lang='lat' dir='ltr'><strong>sed</strong></span> <span class='ocrx_word' id='word_1_131' title='bbox 216 1644 533 1725; x_wconf 72' lang='lat' dir='ltr'><strong>praecipua</strong></span> <span class='ocrx_word' id='word_1_132' title='bbox 580 1663 655 1704; x_wconf 88' lang='lat' dir='ltr'><strong>ex</strong></span> <span class='ocrx_word' id='word_1_133' title='bbox 699 1661 773 1706; x_wconf 91' lang='lat' dir='ltr'><strong>eo</strong></span> <span class='ocrx_word' id='word_1_134' title='bbox 820 1645 1044 1722; x_wconf 82' lang='lat' dir='ltr'><strong>gloria,</strong></span> <span class='ocrx_word' id='word_1_135' title='bbox 1110 1646 1266 1724; x_wconf 88' lang='lat' dir='ltr'><strong>quod</strong></span> <span class='ocrx_word' id='word_1_136' title='bbox 1317 1647 1651 1727; x_wconf 82' lang='lat' dir='ltr'><strong>praefectus</strong></span> <span class='ocrx_word' id='word_1_137' title='bbox 1691 1645 1819 1706; x_wconf 89' lang='lat' dir='ltr'><strong>urbi</strong></span> <span class='ocrx_word' id='word_1_138' title='bbox 1863 1662 2074 1707; x_wconf 85' lang='lat' dir='ltr'><strong>recens</strong></span> 
     </span>
     <span class='ocr_line' id='line_1_18' title="bbox 107 1730 2074 1811; baseline 0.002 -25"><span class='ocrx_word' id='word_1_139' title='bbox 107 1732 391 1790; x_wconf 85' lang='lat' dir='ltr'><strong>continuam</strong></span> <span class='ocrx_word' id='word_1_140' title='bbox 424 1739 774 1809; x_wconf 88' lang='lat' dir='ltr'><strong>potestatem</strong></span> <span class='ocrx_word' id='word_1_141' title='bbox 820 1730 1225 1790; x_wconf 80' lang='lat' dir='ltr'><strong>etinsolentia</strong></span> <span class='ocrx_word' id='word_1_142' title='bbox 1273 1732 1513 1811; x_wconf 86' lang='lat' dir='ltr'><strong>parendi</strong></span> <span class='ocrx_word' id='word_1_143' title='bbox 1557 1734 1890 1809; x_wconf 80' lang='lat' dir='ltr'><strong>graviorem</strong></span> <span class='ocrx_word' id='word_1_144' title='bbox 1933 1733 2074 1790; x_wconf 84' lang='lat' dir='ltr'><strong>mire</strong></span> 
     </span>
     <span class='ocr_line' id='line_1_19' title="bbox 107 1816 431 1892; baseline 0.006 -22"><span class='ocrx_word' id='word_1_145' title='bbox 107 1816 431 1892; x_wconf 81' lang='lat' dir='ltr'><strong>temperavit.</strong></span> 
     </span>
    </p>

    <p class='ocr_par' dir='ltr' id='par_1_4' title="bbox 100 1897 2150 3323">
     <span class='ocr_line' id='line_1_20' title="bbox 200 1897 2144 1976; baseline 0.001 -20"><span class='ocrx_word' id='word_1_146' title='bbox 200 1898 289 1959; x_wconf 72' lang='lat'><strong>117.</strong></span> <span class='ocrx_word' id='word_1_147' title='bbox 334 1897 602 1976; x_wconf 87' lang='lat' dir='ltr'><strong>Namque</strong></span> <span class='ocrx_word' id='word_1_148' title='bbox 632 1906 823 1974; x_wconf 89' lang='lat' dir='ltr'><strong>antea,</strong></span> <span class='ocrx_word' id='word_1_149' title='bbox 858 1898 1145 1976; x_wconf 81' lang='lat' dir='ltr'><strong>profectis</strong></span> <span class='ocrx_word' id='word_1_150' title='bbox 1178 1899 1352 1958; x_wconf 90' lang='lat' dir='ltr'><strong>domo</strong></span> <span class='ocrx_word' id='word_1_151' title='bbox 1385 1897 1624 1975; x_wconf 78' lang='lat' dir='ltr'><strong>regibus</strong></span> <span class='ocrx_word' id='word_1_152' title='bbox 1667 1915 1738 1957; x_wconf 86' lang='lat' dir='ltr'><strong>ae</strong></span> <span class='ocrx_word' id='word_1_153' title='bbox 1777 1917 1915 1958; x_wconf 83' lang='lat' dir='ltr'><strong>mox</strong></span> <span class='ocrx_word' id='word_1_154' title='bbox 1955 1918 2070 1960; x_wconf 91' lang='lat' dir='ltr'><strong>ma·</strong></span> <span class='ocrx_word' id='word_1_155' title='bbox 2096 1903 2144 1958; x_wconf 90' lang='lat'><strong>11</strong></span> 
     </span>
     <span class='ocr_line' id='line_1_21' title="bbox 104 1975 2074 2063; baseline 0 -22"><span class='ocrx_word' id='word_1_156' title='bbox 104 1981 435 2061; x_wconf 81' lang='lat' dir='ltr'><strong>gistratibus,</strong></span> <span class='ocrx_word' id='word_1_157' title='bbox 469 2001 542 2043; x_wconf 90' lang='lat' dir='ltr'><strong>ne</strong></span> <span class='ocrx_word' id='word_1_158' title='bbox 572 1981 711 2041; x_wconf 85' lang='lat' dir='ltr'><strong>urbs</strong></span> <span class='ocrx_word' id='word_1_159' title='bbox 742 1983 865 2043; x_wconf 89' lang='lat' dir='ltr'><strong>sine</strong></span> <span class='ocrx_word' id='word_1_160' title='bbox 895 1984 1138 2062; x_wconf 84' lang='lat' dir='ltr'><strong>imperio</strong></span> <span class='ocrx_word' id='word_1_161' title='bbox 1180 1975 1366 2059; x_wconf 78' lang='lat' dir='ltr'><strong>foret,</strong></span> <span class='ocrx_word' id='word_1_162' title='bbox 1415 1984 1472 2041; x_wconf 90' lang='lat' dir='ltr'><strong>in</strong></span> <span class='ocrx_word' id='word_1_163' title='bbox 1511 1991 1738 2059; x_wconf 89' lang='lat' dir='ltr'><strong>tempus</strong></span> <span class='ocrx_word' id='word_1_164' title='bbox 1777 1980 2074 2063; x_wconf 82' lang='lat' dir='ltr'><strong>deligeba-</strong></span> 
     </span>
     <span class='ocr_line' id='line_1_22' title="bbox 105 2065 2073 2145; baseline 0.001 -21"><span class='ocrx_word' id='word_1_165' title='bbox 105 2074 169 2124; x_wconf 85' lang='lat' dir='ltr'><strong>tur</strong></span> <span class='ocrx_word' id='word_1_166' title='bbox 192 2068 277 2145; x_wconf 85' lang='lat' dir='ltr'><strong>qui</strong></span> <span class='ocrx_word' id='word_1_167' title='bbox 312 2069 407 2127; x_wconf 84' lang='lat' dir='ltr'><strong>ius</strong></span> <span class='ocrx_word' id='word_1_168' title='bbox 438 2066 713 2130; x_wconf 83' lang='lat' dir='ltr'><strong>redderet</strong></span> <span class='ocrx_word' id='word_1_169' title='bbox 742 2084 813 2126; x_wconf 89' lang='lat' dir='ltr'><strong>ac</strong></span> <span class='ocrx_word' id='word_1_170' title='bbox 854 2068 1057 2128; x_wconf 85' lang='lat' dir='ltr'><strong>subitis</strong></span> <span class='ocrx_word' id='word_1_171' title='bbox 1096 2067 1455 2135; x_wconf 71' lang='lat' dir='ltr'><strong>mederetur-3</strong></span> <span class='ocrx_word' id='word_1_172' title='bbox 1501 2067 1810 2143; x_wconf 84' lang='lat' dir='ltr'><strong>feruntque</strong></span> <span class='ocrx_word' id='word_1_173' title='bbox 1856 2065 1926 2125; x_wconf 88' lang='lat' dir='ltr'><strong>ab</strong></span> <span class='ocrx_word' id='word_1_174' title='bbox 1956 2067 2073 2126; x_wconf 88' lang='lat' dir='ltr'><strong>Ro·</strong></span> 
     </span>
     <span class='ocr_line' id='line_1_23' title="bbox 103 2150 2074 2232; baseline 0.001 -25"><span class='ocrx_word' id='word_1_175' title='bbox 103 2150 223 2210; x_wconf 81' lang='lat' dir='ltr'><strong>mulo</strong></span> <span class='ocrx_word' id='word_1_176' title='bbox 260 2152 541 2219; x_wconf 86' lang='lat' dir='ltr'><strong>Dentrem</strong></span> <span class='ocrx_word' id='word_1_177' title='bbox 581 2152 939 2230; x_wconf 88' lang='lat' dir='ltr'><strong>Romulium,</strong></span> <span class='ocrx_word' id='word_1_178' title='bbox 999 2160 1131 2232; x_wconf 89' lang='lat' dir='ltr'><strong>post</strong></span> <span class='ocrx_word' id='word_1_179' title='bbox 1189 2150 1262 2210; x_wconf 85' lang='lat' dir='ltr'><strong>ab</strong></span> <span class='ocrx_word' id='word_1_180' title='bbox 1317 2150 1487 2210; x_wconf 89' lang='lat' dir='ltr'><strong>Tullo</strong></span> <span class='ocrx_word' id='word_1_181' title='bbox 1540 2150 1790 2212; x_wconf 87' lang='lat' dir='ltr'><strong>Hostilio</strong></span> <span class='ocrx_word' id='word_1_182' title='bbox 1836 2150 2074 2210; x_wconf 87' lang='lat' dir='ltr'><strong>Numam</strong></span> 
     </span>
     <span class='ocr_line' id='line_1_24' title="bbox 100 2232 2124 2317; baseline -0 -24"><span class='ocrx_word' id='word_1_183' title='bbox 100 2232 337 2296; x_wconf 80' lang='lat' dir='ltr'><strong>llarcium</strong></span> <span class='ocrx_word' id='word_1_184' title='bbox 387 2244 447 2295; x_wconf 87' lang='lat' dir='ltr'><strong>et</strong></span> <span class='ocrx_word' id='word_1_185' title='bbox 488 2235 559 2295; x_wconf 88' lang='lat' dir='ltr'><strong>ab</strong></span> <span class='ocrx_word' id='word_1_186' title='bbox 592 2236 905 2315; x_wconf 80' lang='lat' dir='ltr'><strong>Tarquinio</strong></span> <span class='ocrx_word' id='word_1_187' title='bbox 949 2234 1215 2314; x_wconf 87' lang='lat' dir='ltr'><strong>Superbo</strong></span> <span class='ocrx_word' id='word_1_188' title='bbox 1249 2235 1516 2315; x_wconf 88' lang='lat' dir='ltr'><strong>Spurium</strong></span> <span class='ocrx_word' id='word_1_189' title='bbox 1541 2234 1866 2315; x_wconf 77' lang='lat' dir='ltr'><strong>Lucretium</strong></span> <span class='ocrx_word' id='word_1_190' title='bbox 1910 2238 2073 2317; x_wconf 86' lang='lat' dir='ltr'><strong>inpo-</strong></span> <span class='ocrx_word' id='word_1_191' title='bbox 2099 2253 2124 2292; x_wconf 81' lang='lat'><strong>5</strong></span> 
     </span>
     <span class='ocr_line' id='line_1_25' title="bbox 106 2318 2074 2399; baseline 0.002 -24"><span class='ocrx_word' id='word_1_192' title='bbox 106 2319 234 2379; x_wconf 83' lang='lat' dir='ltr'><strong>sitos.</strong></span> <span class='ocrx_word' id='word_1_193' title='bbox 296 2320 436 2381; x_wconf 85' lang='lat' dir='ltr'><strong>dein</strong></span> <span class='ocrx_word' id='word_1_194' title='bbox 469 2320 743 2380; x_wconf 87' lang='lat' dir='ltr'><strong>consules</strong></span> <span class='ocrx_word' id='word_1_195' title='bbox 772 2319 1145 2389; x_wconf 86' lang='lat' dir='ltr'><strong>mandabant;</strong></span> <span class='ocrx_word' id='word_1_196' title='bbox 1180 2318 1462 2399; x_wconf 82' lang='lat' dir='ltr'><strong>duratque</strong></span> <span class='ocrx_word' id='word_1_197' title='bbox 1491 2319 1856 2380; x_wconf 84' lang='lat' dir='ltr'><strong>simulacrum</strong></span> <span class='ocrx_word' id='word_1_198' title='bbox 1876 2366 1893 2397; x_wconf 94' lang='lat'><strong>,</strong></span> <span class='ocrx_word' id='word_1_199' title='bbox 1934 2336 2074 2399; x_wconf 87' lang='lat' dir='ltr'><strong>quo·</strong></span> 
     </span>
     <span class='ocr_line' id='line_1_26' title="bbox 104 2403 2075 2484; baseline 0.002 -25"><span class='ocrx_word' id='word_1_200' title='bbox 104 2403 223 2463; x_wconf 84' lang='lat' dir='ltr'><strong>tiens</strong></span> <span class='ocrx_word' id='word_1_201' title='bbox 252 2405 327 2464; x_wconf 87' lang='lat' dir='ltr'><strong>ob</strong></span> <span class='ocrx_word' id='word_1_202' title='bbox 363 2404 543 2464; x_wconf 80' lang='lat' dir='ltr'><strong>ferias</strong></span> <span class='ocrx_word' id='word_1_203' title='bbox 568 2404 797 2464; x_wconf 86' lang='lat' dir='ltr'><strong>Latinas</strong></span> <span class='ocrx_word' id='word_1_204' title='bbox 824 2404 1159 2484; x_wconf 82' lang='lat' dir='ltr'><strong>praeficitur</strong></span> <span class='ocrx_word' id='word_1_205' title='bbox 1191 2406 1287 2483; x_wconf 88' lang='lat' dir='ltr'><strong>qui</strong></span> <span class='ocrx_word' id='word_1_206' title='bbox 1319 2405 1628 2465; x_wconf 89' lang='lat' dir='ltr'><strong>consulare</strong></span> <span class='ocrx_word' id='word_1_207' title='bbox 1668 2422 1871 2463; x_wconf 87' lang='lat' dir='ltr'><strong>munus</strong></span> <span class='ocrx_word' id='word_1_208' title='bbox 1899 2422 2075 2463; x_wconf 88' lang='lat' dir='ltr'><strong>-usnr-</strong></span> 
     </span>
     <span class='ocr_line' id='line_1_27' title="bbox 103 2487 2078 2567; baseline 0.001 -23"><span class='ocrx_word' id='word_1_209' title='bbox 103 2495 194 2562; x_wconf 86' lang='lat' dir='ltr'><strong>pet.</strong></span> <span class='ocrx_word' id='word_1_210' title='bbox 250 2498 510 2549; x_wconf 85' lang='lat' dir='ltr'><strong>ceterum</strong></span> <span class='ocrx_word' id='word_1_211' title='bbox 540 2488 839 2567; x_wconf 81' lang='lat' dir='ltr'><strong>Augustus</strong></span> <span class='ocrx_word' id='word_1_212' title='bbox 878 2488 1051 2550; x_wconf 84' lang='lat' dir='ltr'><strong>bellis</strong></span> <span class='ocrx_word' id='word_1_213' title='bbox 1093 2489 1358 2549; x_wconf 84' lang='lat' dir='ltr'><strong>civilibus</strong></span> <span class='ocrx_word' id='word_1_214' title='bbox 1405 2487 1649 2549; x_wconf 85' lang='lat' dir='ltr'><strong>Cilnium</strong></span> <span class='ocrx_word' id='word_1_215' title='bbox 1679 2488 2078 2549; x_wconf 79' lang='lat' dir='ltr'><strong>Maecenatem</strong></span> 
     </span>
     <span class='ocr_line' id='line_1_28' title="bbox 104 2572 2074 2655; baseline 0.002 -28"><span class='ocrx_word' id='word_1_216' title='bbox 104 2577 361 2648; x_wconf 81' lang='lat' dir='ltr'><strong>equestris</strong></span> <span class='ocrx_word' id='word_1_217' title='bbox 397 2573 611 2633; x_wconf 82' lang='lat' dir='ltr'><strong>ordinis</strong></span> <span class='ocrx_word' id='word_1_218' title='bbox 645 2575 867 2633; x_wconf 86' lang='lat' dir='ltr'><strong>cunctis</strong></span> <span class='ocrx_word' id='word_1_219' title='bbox 895 2574 1049 2653; x_wconf 82' lang='lat' dir='ltr'><strong>apud</strong></span> <span class='ocrx_word' id='word_1_220' title='bbox 1077 2574 1318 2635; x_wconf 87' lang='lat' dir='ltr'><strong>Romam</strong></span> <span class='ocrx_word' id='word_1_221' title='bbox 1359 2582 1532 2653; x_wconf 86' lang='lat' dir='ltr'><strong>atque</strong></span> <span class='ocrx_word' id='word_1_222' title='bbox 1561 2572 1780 2633; x_wconf 84' lang='lat' dir='ltr'><strong>ltaliam</strong></span> <span class='ocrx_word' id='word_1_223' title='bbox 1825 2588 2074 2655; x_wconf 79' lang='lat' dir='ltr'><strong>praepo-</strong></span> 
     </span>
     <span class='ocr_line' id='line_1_29' title="bbox 104 2654 2150 2737; baseline 0 -26"><span class='ocrx_word' id='word_1_224' title='bbox 104 2657 211 2715; x_wconf 79' lang='lat' dir='ltr'><strong>suit:</strong></span> <span class='ocrx_word' id='word_1_225' title='bbox 254 2674 397 2717; x_wconf 87' lang='lat' dir='ltr'><strong>mox</strong></span> <span class='ocrx_word' id='word_1_226' title='bbox 435 2676 626 2717; x_wconf 87' lang='lat' dir='ltr'><strong>rerum</strong></span> <span class='ocrx_word' id='word_1_227' title='bbox 668 2658 885 2737; x_wconf 89' lang='lat' dir='ltr'><strong>potitus</strong></span> <span class='ocrx_word' id='word_1_228' title='bbox 933 2659 1009 2718; x_wconf 86' lang='lat' dir='ltr'><strong>ob</strong></span> <span class='ocrx_word' id='word_1_229' title='bbox 1060 2658 1502 2736; x_wconf 85' lang='lat' dir='ltr'><strong>magnitudinem</strong></span> <span class='ocrx_word' id='word_1_230' title='bbox 1541 2657 1744 2736; x_wconf 86' lang='lat' dir='ltr'><strong>populi</strong></span> <span class='ocrx_word' id='word_1_231' title='bbox 1788 2671 1860 2716; x_wconf 77' lang='lat' dir='ltr'><strong>ac</strong></span> <span class='ocrx_word' id='word_1_232' title='bbox 1916 2654 2076 2716; x_wconf 88' lang='lat' dir='ltr'><strong>tarda</strong></span> <span class='ocrx_word' id='word_1_233' title='bbox 2101 2672 2150 2713; x_wconf 81' lang='grc' dir='ltr'><strong>ιο</strong></span> 
     </span>
     <span class='ocr_line' id='line_1_30' title="bbox 102 2734 2080 2822; baseline -0.003 -20"><span class='ocrx_word' id='word_1_234' title='bbox 102 2734 261 2814; x_wconf 76' lang='lat' dir='ltr'><strong>legum</strong></span> <span class='ocrx_word' id='word_1_235' title='bbox 288 2742 501 2802; x_wconf 87' lang='lat' dir='ltr'><strong>auxilia</strong></span> <span class='ocrx_word' id='word_1_236' title='bbox 534 2745 775 2822; x_wconf 87' lang='lat' dir='ltr'><strong>sumpsit</strong></span> <span class='ocrx_word' id='word_1_237' title='bbox 817 2762 852 2802; x_wconf 88' lang='lat' dir='ltr'><strong>e</strong></span> <span class='ocrx_word' id='word_1_238' title='bbox 898 2742 1300 2803; x_wconf 76' lang='lat' dir='ltr'><strong>consulathus</strong></span> <span class='ocrx_word' id='word_1_239' title='bbox 1344 2745 1442 2822; x_wconf 85' lang='lat' dir='ltr'><strong>qui</strong></span> <span class='ocrx_word' id='word_1_240' title='bbox 1487 2750 1794 2801; x_wconf 88' lang='lat' dir='ltr'><strong>coerceret</strong></span> <span class='ocrx_word' id='word_1_241' title='bbox 1845 2740 2080 2799; x_wconf 87' lang='lat' dir='ltr'><strong>servitia</strong></span> 
     </span>
     <span class='ocr_line' id='line_1_31' title="bbox 106 2826 2078 2905; baseline -0.002 -20"><span class='ocrx_word' id='word_1_242' title='bbox 106 2830 147 2879; x_wconf 75' lang='lat' dir='ltr'><strong>et</strong></span> <span class='ocrx_word' id='word_1_243' title='bbox 170 2826 313 2901; x_wconf 85' lang='lat' dir='ltr'><strong>qnod</strong></span> <span class='ocrx_word' id='word_1_244' title='bbox 346 2826 554 2886; x_wconf 84' lang='lat' dir='ltr'><strong>civium</strong></span> <span class='ocrx_word' id='word_1_245' title='bbox 582 2826 823 2887; x_wconf 88' lang='lat' dir='ltr'><strong>audacia</strong></span> <span class='ocrx_word' id='word_1_246' title='bbox 862 2826 1180 2905; x_wconf 84' lang='lat' dir='ltr'><strong>turbidum,</strong></span> <span class='ocrx_word' id='word_1_247' title='bbox 1225 2830 1335 2887; x_wconf 90' lang='lat' dir='ltr'><strong>nisi</strong></span> <span class='ocrx_word' id='word_1_248' title='bbox 1375 2828 1490 2886; x_wconf 59' lang='lat' dir='ltr'><strong>Vim</strong></span> <span class='ocrx_word' id='word_1_249' title='bbox 1532 2834 1764 2886; x_wconf 85' lang='lat' dir='ltr'><strong>metuat.</strong></span> <span class='ocrx_word' id='word_1_250' title='bbox 1838 2826 2078 2903; x_wconf 88' lang='lat' dir='ltr'><strong>primus-</strong></span> 
     </span>
     <span class='ocr_line' id='line_1_32' title="bbox 104 2908 2079 2991; baseline -0.001 -25"><span class='ocrx_word' id='word_1_251' title='bbox 104 2922 191 2981; x_wconf 80' lang='lat' dir='ltr'><strong>que</strong></span> <span class='ocrx_word' id='word_1_252' title='bbox 219 2909 495 2971; x_wconf 77' lang='lat' dir='ltr'><strong>Messalla</strong></span> <span class='ocrx_word' id='word_1_253' title='bbox 530 2910 815 2971; x_wconf 77' lang='lat' dir='ltr'><strong>Corvinus</strong></span> <span class='ocrx_word' id='word_1_254' title='bbox 846 2927 971 2972; x_wconf 90' lang='lat' dir='ltr'><strong>eam</strong></span> <span class='ocrx_word' id='word_1_255' title='bbox 998 2920 1346 2991; x_wconf 81' lang='lat' dir='ltr'><strong>potestatem</strong></span> <span class='ocrx_word' id='word_1_256' title='bbox 1391 2920 1446 2970; x_wconf 88' lang='lat' dir='ltr'><strong>et</strong></span> <span class='ocrx_word' id='word_1_257' title='bbox 1491 2928 1711 2989; x_wconf 90' lang='lat' dir='ltr'><strong>paucos</strong></span> <span class='ocrx_word' id='word_1_258' title='bbox 1757 2912 1908 2969; x_wconf 87' lang='lat' dir='ltr'><strong>intra</strong></span> <span class='ocrx_word' id='word_1_259' title='bbox 1957 2908 2079 2967; x_wconf 88' lang='lat' dir='ltr'><strong>dies</strong></span> 
     </span>
     <span class='ocr_line' id='line_1_33' title="bbox 105 2989 2076 3075; baseline 0.002 -29"><span class='ocrx_word' id='word_1_260' title='bbox 105 2989 242 3052; x_wconf 84' lang='lat' dir='ltr'><strong>linem</strong></span> <span class='ocrx_word' id='word_1_261' title='bbox 272 2996 523 3075; x_wconf 85' lang='lat' dir='ltr'><strong>accepit,</strong></span> <span class='ocrx_word' id='word_1_262' title='bbox 556 2997 719 3073; x_wconf 84' lang='lat' dir='ltr'><strong>quasi</strong></span> <span class='ocrx_word' id='word_1_263' title='bbox 748 2999 981 3057; x_wconf 85' lang='lat' dir='ltr'><strong>nescius</strong></span> <span class='ocrx_word' id='word_1_264' title='bbox 1012 2995 1361 3064; x_wconf 87' lang='lat' dir='ltr'><strong>exercendi;</strong></span> <span class='ocrx_word' id='word_1_265' title='bbox 1395 3004 1512 3055; x_wconf 88' lang='lat' dir='ltr'><strong>tum</strong></span> <span class='ocrx_word' id='word_1_266' title='bbox 1543 2994 1770 3054; x_wconf 84' lang='lat' dir='ltr'><strong>Taurus</strong></span> <span class='ocrx_word' id='word_1_267' title='bbox 1802 2992 2076 3067; x_wconf 88' lang='lat' dir='ltr'><strong>Statilius,</strong></span> 
     </span>
     <span class='ocr_line' id='line_1_34' title="bbox 104 3077 2150 3158; baseline -0.002 -23"><span class='ocrx_word' id='word_1_268' title='bbox 104 3078 413 3157; x_wconf 70' lang='lat' dir='ltr'><strong>quam&#39;quam</strong></span> <span class='ocrx_word' id='word_1_269' title='bbox 436 3090 720 3158; x_wconf 84' lang='lat' dir='ltr'><strong>provecta</strong></span> <span class='ocrx_word' id='word_1_270' title='bbox 742 3090 955 3157; x_wconf 88' lang='lat' dir='ltr'><strong>aetate,</strong></span> <span class='ocrx_word' id='word_1_271' title='bbox 988 3082 1232 3157; x_wconf 80' lang='lat' dir='ltr'><strong>egregie</strong></span> <span class='ocrx_word' id='word_1_272' title='bbox 1256 3079 1564 3147; x_wconf 85' lang='lat' dir='ltr'><strong>toleravit;</strong></span> <span class='ocrx_word' id='word_1_273' title='bbox 1592 3078 1724 3138; x_wconf 85' lang='lat' dir='ltr'><strong>dein</strong></span> <span class='ocrx_word' id='word_1_274' title='bbox 1753 3077 1889 3137; x_wconf 90' lang='lat' dir='ltr'><strong>Piso</strong></span> <span class='ocrx_word' id='word_1_275' title='bbox 1917 3077 2074 3155; x_wconf 84' lang='lat' dir='ltr'><strong>quin·</strong></span> <span class='ocrx_word' id='word_1_276' title='bbox 2099 3092 2150 3130; x_wconf 81' lang='lat'><strong>15</strong></span> 
     </span>
     <span class='ocr_line' id='line_1_35' title="bbox 104 3155 2076 3245; baseline 0.001 -30"><span class='ocrx_word' id='word_1_277' title='bbox 104 3155 259 3221; x_wconf 80' lang='lat' dir='ltr'><strong>decim</strong></span> <span class='ocrx_word' id='word_1_278' title='bbox 288 3180 401 3241; x_wconf 87' lang='lat' dir='ltr'><strong>per</strong></span> <span class='ocrx_word' id='word_1_279' title='bbox 424 3182 613 3225; x_wconf 84' lang='lat' dir='ltr'><strong>annos</strong></span> <span class='ocrx_word' id='word_1_280' title='bbox 644 3166 863 3244; x_wconf 85' lang='lat' dir='ltr'><strong>pariter</strong></span> <span class='ocrx_word' id='word_1_281' title='bbox 893 3164 1191 3245; x_wconf 87' lang='lat' dir='ltr'><strong>probatus,</strong></span> <span class='ocrx_word' id='word_1_282' title='bbox 1222 3162 1460 3242; x_wconf 89' lang='lat' dir='ltr'><strong>publico</strong></span> <span class='ocrx_word' id='word_1_283' title='bbox 1491 3162 1697 3224; x_wconf 79' lang='lat' dir='ltr'><strong>funere</strong></span> <span class='ocrx_word' id='word_1_284' title='bbox 1729 3180 1804 3220; x_wconf 87' lang='lat' dir='ltr'><strong>ex</strong></span> <span class='ocrx_word' id='word_1_285' title='bbox 1836 3159 2076 3221; x_wconf 81' lang='lat' dir='ltr'><strong>decreto</strong></span> 
     </span>
     <span class='ocr_line' id='line_1_36' title="bbox 102 3246 1688 3323; baseline 0.007 -25"><span class='ocrx_word' id='word_1_286' title='bbox 102 3256 305 3305; x_wconf 75' lang='lat' dir='ltr'><strong>senatus</strong></span> <span class='ocrx_word' id='word_1_287' title='bbox 332 3246 663 3323; x_wconf 75' lang='lat' dir='ltr'><strong>celebratus</strong></span> <span class='ocrx_word' id='word_1_288' title='bbox 692 3260 803 3317; x_wconf 85' lang='lat' dir='ltr'><strong>est.</strong></span> <span class='ocrx_word' id='word_1_289' title='bbox 1679 3276 1688 3289; x_wconf 31' lang='grc' dir='ltr'><strong><em>κ</em></strong></span> 
     </span>
    </p>

    <p class='ocr_par' dir='ltr' id='par_1_5' title="bbox 100 3328 2149 3594">
     <span class='ocr_line' id='line_1_37' title="bbox 205 3328 2149 3413; baseline -0.002 -25"><span class='ocrx_word' id='word_1_290' title='bbox 205 3330 297 3391; x_wconf 87' lang='grc'><strong>18.</strong></span> <span class='ocrx_word' id='word_1_291' title='bbox 336 3332 600 3393; x_wconf 88' lang='lat' dir='ltr'><strong>Relatum</strong></span> <span class='ocrx_word' id='word_1_292' title='bbox 632 3333 761 3394; x_wconf 91' lang='lat' dir='ltr'><strong>inde</strong></span> <span class='ocrx_word' id='word_1_293' title='bbox 794 3334 865 3395; x_wconf 89' lang='lat' dir='ltr'><strong>ad</strong></span> <span class='ocrx_word' id='word_1_294' title='bbox 903 3340 1099 3413; x_wconf 87' lang='lat' dir='ltr'><strong>patres</strong></span> <span class='ocrx_word' id='word_1_295' title='bbox 1135 3353 1167 3393; x_wconf 86' lang='lat' dir='ltr'><strong>a</strong></span> <span class='ocrx_word' id='word_1_296' title='bbox 1208 3330 1559 3408; x_wconf 83' lang='lat' dir='ltr'><strong>Quintiliano</strong></span> <span class='ocrx_word' id='word_1_297' title='bbox 1605 3328 1832 3390; x_wconf 83' lang='lat' dir='ltr'><strong>tribuno</strong></span> <span class='ocrx_word' id='word_1_298' title='bbox 1877 3328 2149 3407; x_wconf 73' lang='lat' dir='ltr'><strong>plebeilz</strong></span> 
     </span>
     <span class='ocr_line' id='line_1_38' title="bbox 102 3406 2078 3497; baseline 0.002 -28"><span class='ocrx_word' id='word_1_299' title='bbox 102 3406 161 3467; x_wconf 84' lang='lat' dir='ltr'><strong>de</strong></span> <span class='ocrx_word' id='word_1_300' title='bbox 200 3412 347 3475; x_wconf 89' lang='lat' dir='ltr'><strong>libro</strong></span> <span class='ocrx_word' id='word_1_301' title='bbox 396 3416 686 3493; x_wconf 80' lang='lat' dir='ltr'><strong>Sibullae,</strong></span> <span class='ocrx_word' id='word_1_302' title='bbox 741 3437 909 3497; x_wconf 84' lang='lat' dir='ltr'><strong>quem</strong></span> <span class='ocrx_word' id='word_1_303' title='bbox 974 3418 1243 3479; x_wconf 88' lang='lat' dir='ltr'><strong>Caninius</strong></span> <span class='ocrx_word' id='word_1_304' title='bbox 1305 3414 1504 3476; x_wconf 86' lang='lat' dir='ltr'><strong>Gallus</strong></span> <span class='ocrx_word' id='word_1_305' title='bbox 1571 3412 2078 3493; x_wconf 87' lang='lat' dir='ltr'><strong>quindecimvirum</strong></span> 
     </span>
     <span class='ocr_line' id='line_1_39' title="bbox 100 3496 2075 3594; baseline 0.003 -43"><span class='ocrx_word' id='word_1_306' title='bbox 100 3496 262 3575; x_wconf 80' lang='lat' dir='ltr'><strong>recipi</strong></span> <span class='ocrx_word' id='word_1_307' title='bbox 294 3500 444 3560; x_wconf 86' lang='lat' dir='ltr'><strong>inter</strong></span> <span class='ocrx_word' id='word_1_308' title='bbox 470 3510 705 3562; x_wconf 85' lang='lat' dir='ltr'><strong>ceteros</strong></span> <span class='ocrx_word' id='word_1_309' title='bbox 740 3503 997 3563; x_wconf 88' lang='lat' dir='ltr'><strong>eiusdem</strong></span> <span class='ocrx_word' id='word_1_310' title='bbox 1026 3505 1173 3594; x_wconf 72' lang='lat' dir='ltr'><strong>yatis</strong></span> <span class='ocrx_word' id='word_1_311' title='bbox 1217 3512 1276 3563; x_wconf 87' lang='lat' dir='ltr'><strong>et</strong></span> <span class='ocrx_word' id='word_1_312' title='bbox 1319 3518 1387 3560; x_wconf 87' lang='lat' dir='ltr'><strong>ea</strong></span> <span class='ocrx_word' id='word_1_313' title='bbox 1433 3498 1504 3559; x_wconf 88' lang='lat' dir='ltr'><strong>de</strong></span> <span class='ocrx_word' id='word_1_314' title='bbox 1546 3516 1612 3559; x_wconf 86' lang='lat' dir='ltr'><strong>re</strong></span> <span class='ocrx_word' id='word_1_315' title='bbox 1657 3507 1892 3561; x_wconf 86' lang='lat' dir='ltr'><strong>senatus</strong></span> <span class='ocrx_word' id='word_1_316' title='bbox 1942 3514 2075 3559; x_wconf 86' lang='lat' dir='ltr'><strong>con·</strong></span> 
     </span>
    </p>
   </div>
  </div>
 </body>
</html>
