2475 4000
521 236 529 244 .
581 154 583 158 ⁵
636 150 864 279 *nemi
901 198 1014 245 xv.
1059 166 1209 247 cAP.
1254 196 1517 251 41—45.
1683 232 1690 240 =
1881 190 1888 202 '
1939 190 2075 279 ·3⁰.¹
2127 202 2129 205 ⁴
2214 172 2218 175 ’

68 354 245 418 solis
274 370 497 434 vapore
528 359 1061 430 pei-rumperentur:
1104 360 1161 411 at
1188 370 1338 412 nnnc
1370 353 1621 433 patulam
1647 352 1994 416 latitudinem
2023 366 2088 417 et·

70 438 255 501 nulla
290 438 485 497 umbra
514 435 811 495 defensam
840 437 1117 511 graviore
1139 444 1303 495 aestu
1342 436 1672 497 ardescere.
1698 458 1712 466 ³

220 524 327 582 44.
394 519 667 580 Et·.haec
686 518 945 597 ⁴quidem
996 519 1253 579 humanis
1307 520 1562 580 consiliis
1617 523 2076 599 providebantur.

68 624 233 667 mox
270 606 455 683 petita
499 621 532 663 a
573 602 662 676 dis
708 602 933 681 piacula
970 602 1221 687 aditique
1263 604 1520 665 Sibullae
1554 604 1717 681 libri,
1765 625 1840 665 ex
1877 609 2078 685 quibus
2165 640 2170 646 -

73 689 485 775 supplicatum
514 686 779 747 Volcano
815 694 873 745 et
898 680 1101 747 Cereri
1123 687 1646 767 Proserpinaeque,
1677 706 1746 750 ac
1773 694 2080 769 propitiata

68 776 235 836 Iuno
285 788 395 852 per
434 779 754 846 matronas,
799 770 1035 848 primum
1064 773 1121 830 in
1149 770 1476 850 Capitolio,
1520 772 1724 833 deinde
1758 773 1907 851 apud
1945 792 2078 853 pro-

72 861 308 919 ximum
336 872 524 931 mare,
564 853 715 913 unde
742 854 941 914 hausta
970 872 1118 933 aqua
1148 856 1420 933 templum
1452 866 1510 916 et
1537 856 1899 916 simulacrum
1931 857 2074 917 deae
2099 884 2124 924 5

72 955 468 1021 perspersum
500 946 617 1006 est;
659 944 721 997 >et
748 937 1094 997 sellisternia
1134 956 1205 998 ac
1234 940 1542 1017 pervigilia
1575 939 1952 1000 celebravere
1993 940 2080 999 fe·

70 1028 281 1101 minae
314 1022 518 1101 quibus
546 1022 729 1081 mariti
762 1031 941 1081 erant.
1001 1022 1105 1081 sed
1140 1039 1256 1082 non
1291 1039 1404 1103 ope
1435 1024 1705 1100 humana,
1753 1041 1867 1083 non
1907 1024 2079 1099 largi-

72 1108 347 1170 tionibus
390 1106 669 1186 principis
710 1113 807 1164 aut
849 1104 1013 1165 deum
1052 1106 1428 1184 placamentis
1467 1107 1787 1167 decedebat
1827 1108 2078 1183 infamia,

74 1196 226 1272 quin
276 1194 489 1250 iussum
533 1188 858 1265 incendium
906 1188 1258 1249 crederetur.
1340 1208 1485 1267 ergo
1531 1190 1820 1251 abolendo
1867 1192 2079 1250 rumori

68 1277 247 1337 Nero
283 1272 531 1334 subdidit
564 1290 703 1332 reos
732 1281 791 1331 et
819 1274 1250 1351 quaesitis-simis
1290 1277 1492 1353 poenis
1525 1274 1756 1351 adfecit,
1796 1292 1941 1353 quos
1971 1292 2078 1353 per
2097 1296 2147 1337 ιο

72 1361 311 1437 flagitia
358 1359 576 1418 invisos
616 1356 827 1432 vulgus
860 1348 1215 1418 Christianos
1248 1350 1609 1438 appellabat.
1667 1366 1870 1418 auctor
1899 1358 2076 1418 nomi·
2122 1372 2218 1470 ὦ
2245 1348 2351 1473 &A
2382 1376 2394 1388 ·

72 1446 171 1503 nis
210 1446 337 1502 eius
370 1440 633 1502 Christus
661 1439 893 1499 Tiberio
932 1440 1296 1519 imperitante
1329 1460 1436 1521 per
1463 1451 1901 1521 procuratorem
1929 1441 2075 1501 Pon·
2123 1478 2142 1492 -
2339 1422 2450 1477 ’ΜΨ

72 1531 225 1587 tium
251 1526 493 1586 Pilatum
516 1523 803 1604 supplicio
828 1522 1089 1585 adfectus
1110 1534 1263 1595 erat;
1299 1542 1690 1605 repressaque
1715 1528 1771 1585 in
1795 1543 2117 1622 praesens!
2365 1594 2372 1599 ⁶

74 1610 404 1671 exitiabilis
442 1608 771 1687 superstitio
817 1626 1037 1667 rursum
1076 1608 1436 1689 erumpebat,
1481 1626 1596 1669 nesn
1637 1609 1808 1670 modo
1851 1628 1957 1689 per
1986 1608 2074 1688 Iu·
2097 1611 2130 1631 ⁴‘
2155 1590 2374 1658 (ΗΜ

75 1696 323 1770 daeam,
354 1694 637 1770 originem
666 1693 789 1752 eius
816 1692 965 1768 mali,
998 1693 1101 1753 sed
1137 1703 1248 1773 p'er
1279 1692 1476 1753 urbem
1506 1695 1695 1771 etiam,
1731 1710 1846 1771 quo
1873 1701 2074 1761 cuncta
2095 1710 2144 1750 15

76 1779 353 1856 undique
372 1778 591 1837 atrocia
622 1785 718 1836 aut
744 1776 1007 1855 pudenda
1039 1778 1329 1837 confluunt
1359 1772 1857 1855 celebranturque.
1905 1777 2076 1853 igitur

76 1864 333 1942 primum
368 1861 624 1939 correpti
658 1861 753 1938 qui
782 1860 1139 1935 fatebantur,
1184 1860 1390 1921 deinde
1421 1860 1634 1939 indicio
1669 1877 1867 1919 eorum
1895 1859 2075 1919 multi-

76 1946 229 2006 tudo
270 1946 475 2023 ingens
513 1944 662 2005 haud
691 1942 932 2023 perinde
972 1944 1029 2004 in
1060 1946 1296 2004 crimine
1334 1941 1582 2002 incendii
1615 1958 1780 2020 qnam
1811 1942 1944 2002 odio
1976 1943 2074 2003 bu-

74 2029 239 2090 mani
281 2031 519 2106 generis
560 2030 811 2088 convicti
853 2036 997 2088 sunt.
1054 2036 1119 2087 ‘et
1163 2024 1535 2105 pereuntibus
1577 2025 1764 2085 addita
1810 2026 2074 2101 ludibria,
2161 2025 2172 2036 '

72 2123 141 2172 ut
190 2111 442 2171 ferarum
482 2113 667 2188 tergis
706 2113 957 2171 contecti
988 2110 1199 2169 laniatu
1243 2127 1444 2170 canum
1481 2110 1778 2170 interirent
1815 2118 2071 2169 autcru·
2093 2130 2146 2171 20
2259 2141 2277 2148 —

80 2195 259 2255 cibus
302 2193 503 2271 adfixi,
548 2204 643 2253 aut
687 2193 1035 2267 dammandi,
1096 2202 1268 2272 atque
1307 2182 1404 2252 ubi
1439 2192 1754 2254 defecisset
1803 2193 1957 2268 dies,
2019 2194 2076 2251 in

76 2294 256 2338 usum
296 2277 562 2337 nocturni
594 2277 819 2336 luminis
862 2286 1183 2337 urerentur.
1248 2278 1452 2338 hortos
1480 2296 1621 2338 >suos
1651 2279 1706 2336 ei
1735 2276 2073 2356 spectaculo

76 2358 574 2423 Nero-obtulerat
602 2370 661 2420 et
693 2364 955 2420 circense
994 2361 1272 2421 ludicrum
1304 2361 1542 2437 edebat,
1594 2360 1787 2421 habitu
1837 2355 2074 2438 aurigae

79 2445 409 2525 permixtus
430 2443 597 2524 plebi
625 2445 722 2504 vel
754 2444 1039 2505 curriculo
1070 2445 1386 2506 insistensa
1425 2445 1576 2505 unde
1609 2461 1944 2523 quamquam
1977 2439 2072 2504 adss

80 2547 296 2588 versus
342 2537 543 2588 sontes
584 2537 645 2588 et
685 2530 993 2589 novissima
1012 2529 1300 2608 ,exempla
1326 2531 1563 2590 meritos
1601 2529 1890 2588 miseratio
1923 2529 2070 2586 orie·
2089 2543 2144 2584 25

82 2613 286 2689 batur,
332 2618 615 2690 tamquam
656 2630 773 2672 non
808 2612 1053 2673 utilitate
1082 2611 1312 2692 publica
1341 2611 1531 2672 sedin
1573 2613 1869 2674 saevitiam
1910 2612 2072 2671 unius

87 2697 543 2757 absumerentur.

218 2782 319 2841 45.
362 2779 591 2840 Interea
624 2779 991 2840 conferendis
1027 2781 1290 2859 pecuniis
1316 2788 1650 2862 pervastata
1691 2779 1892 2853 Italia,
1938 2795 2070 2856 pro·

89 2863 320 2924 vinciae
370 2881 615 2924 eversae
668 2865 931 2942 sociique
984 2863 1187 2942 populi
1230 2873 1292 2924 et
1331 2883 1482 2944 quae
1523 2865 1812 2924 civitatum
1851 2861 2071 2922 liberae

90 2946 390 3008 vocantur.
452 2948 625 3026 inque
656 2965 780 3006 eam
810 2947 1083 3025 praedam
1118 2949 1287 3014 etiam
1325 2949 1382 3009 di
1413 2965 1680 3025 cessere,
1721 2946 1984 3026 spoliatis
2012 2946 2072 3004 in

92 3031 234 3090 urbe
280 3031 509 3110 templis
552 3040 875 3110 egestoque
916 3049 1090 3107 auro,
1136 3031 1294 3110 quod
1333 3032 1660 3110 triumphis,
1717 3030 1872 3110 quod
1919 3031 2072 3088 votis

94 3116 275 3174 omnis
306 3114 775 3194 populi-Romani
808 3124 968 3176 aetas
1002 3132 1288 3194 prospere
1321 3124 1414 3176 aut
1447 3117 1506 3174 in
1536 3124 1688 3176 metu
1712 3121 2066 3176 sacraverat.
2094 3135 2120 3176 5

94 3200 385 3260 enimvero
430 3216 538 3277 per
578 3199 773 3258 Asiam
816 3207 987 3277 atque
1030 3197 1305 3260 Achaiam
1354 3215 1471 3258 non
1516 3199 1665 3259 dona
1715 3206 1928 3258 tantum
1969 3195 2072 3255 sed
2161 3275 2166 3280 ἡ

96 3282 392 3344 simulacra
436 3283 719 3343 numinum
761 3280 1221 3361 abripiebantur,
1269 3283 1460 3344 missis
1494 3285 1554 3342 in
1595 3301 1698 3342 eas
1741 3281 2070 3360 provincias

98 3363 309 3425 Acrato
334 3383 405 3427 ac
434 3366 705 3426 Secundo
742 3365 1027 3427 Carinate.
1084 3365 1185 3426 ille
1208 3366 1451 3439 libertus
1488 3367 1823 3444 cuicumque
1853 3364 2069 3441 flagitio

96 3459 420 3529 promptus,
464 3449 557 3510 hic
588 3450 810 3511 Graeca
856 3449 1113 3510 doctrina
1154 3467 1260 3510 ore
1291 3459 1460 3510 tenus
1499 3451 1788 3510 exercitus
1829 3450 2072 3510 animum
