2475 4000
691 218 901 265 mmm
941 217 1038 265 ιιι.
1086 217 1234 268 car.
1275 217 1512 270 10—15.
1701 274 1719 286 α
1860 191 1882 216 “
1922 191 1934 210 ’
1998 203 2114 266 185

257 372 356 436 13.
404 374 484 434 At
526 372 797 435 Claudius
847 372 1190 433 matrimonii
1240 373 1328 432 sui
1368 370 1601 448 ignarus
1656 373 1731 432 et
1756 371 1941 431 munia
1983 390 2114 431 cen.-

135 459 286 519 soria
325 472 640 537 usurpans,
681 457 1020 518 theatralem
1059 454 1261 537 populi
1314 454 1610 515 lasciviam
1650 456 1871 516 severis
1912 455 2117 516 edictis

136 543 448 620 increpuit,
507 542 662 620 quod
704 541 760 600 in
805 541 868 602 P.
906 539 1279 619 Pomponium
1332 535 1703 600 consularem
1746 539 1829 618 (is
1871 541 2117 600 carmina

135 641 394 687 scaenae
406 623 642 702 dabat)
626 642 796 704 mque
819 625 1062 684 feminas
1085 624 1357 684 inlustres
1386 623 1602 702 probra
1622 623 1857 682 iecerat.
1900 633 1957 684 et
1978 623 2115 700 lege

134 709 241 770 lata
271 710 574 770 saevitiam
619 709 972 769 creditorum
1005 709 1292 786 coercuit,
1336 726 1411 767 ne
1446 708 1505 767 in
1542 715 1783 766 mortem
1821 717 2117 785 parentum
2142 727 2167 768 s
2218 722 2221 726 ·

133 795 402 872 pecunias
435 793 569 853 filiis
598 792 938 854 familiarum
969 792 1194 853 faenori
1227 790 1447 851 darent.
1503 792 1813 867 fontesque
1848 808 2117 868 aquarum

131 875 466 937 Simbruinis
502 875 750 938 collibus
778 876 1059 937 deductos
1091 875 1218 936 urbi
1252 875 1453 934 intulit.
1518 892 1589 935 ac
1616 891 1800 936 novas
1829 872 2116 934 literarum

129 960 339 1020 formas
379 959 598 1020 addidit
636 961 1040 1038 vulgavitque,
1083 968 1383 1038 comperto
1414 957 1694 1020 Graecam
1734 975 1964 1036 quoque
1996 957 2117 1017 lite-

129 1053 367 1104 raturam
397 1061 518 1103 non
546 1044 709 1104 simul
745 1052 1011 1123 coeptam
1043 1042 1496 1122 absolutamque.

253 1129 350 1188 14.
395 1127 572 1188 Primi
613 1146 718 1207 per
759 1129 976 1205 figuras
1019 1126 1339 1187 animalium
1366 1125 1649 1206 Aegyptii
1683 1142 1887 1187 sensus
1914 1128 2145 1188 mentis

130 1211 482 1287 effingebant
521 1244 607 1257 —
647 1230 717 1272 ea
757 1211 1148 1298 antiquissima
1187 1213 1529 1272 monimenta
1572 1212 1883 1271 memoriae
1927 1209 2116 1270 huma·

128 1312 231 1354 nae
272 1296 542 1375 inpressa
585 1297 742 1355 saxis
789 1303 1097 1354 cernuntur
1135 1325 1220 1340 ——
1265 1303 1323 1354 et
1364 1292 1655 1354 literarum
1698 1303 1883 1355 semet
1904 1295 2115 1356 -in'ven-

128 1387 280 1438 tores
325 1378 661 1459 perhibent;
719 1377 851 1437 inde
894 1377 1249 1456 Phoenicas,
1298 1378 1429 1456 quia
1472 1379 1614 1438 mari
1655 1375 2115 1459 praepollebant,

126 1461 380 1527 intulisse
419 1461 702 1524 Graeciae
731 1461 1092 1539 gloriamque
1120 1461 1401 1540 adeptoS,
1435 1469 1719 1542 tamquam
1747 1463 2115 1541 reppererint
2136 1476 2163 1515 5

129 1563 270 1622 quae
311 1554 686 1624 acceperant.
757 1545 972 1624 quippe
1010 1544 1294 1618 famaest
1338 1543 1610 1606 Cadmum
1652 1545 1841 1606 classe
1874 1543 2113 1606 Phoeni-

129 1647 250 1690 cum
277 1639 509 1690 vectum
537 1629 774 1698 rudibus
805 1628 990 1690 adhuc
1021 1627 1373 1690 Graecorum
1415 1631 1648 1710 populis
1693 1632 1829 1690 artis
1870 1631 1993 1688 eius
2022 1647 2115 1688 au-

130 1722 343 1773 ctorem
395 1713 597 1773 fuisse.
682 1713 905 1791 quidam
951 1711 1299 1793 Cecropem*
1322 1712 1735 1774 Atheniensem
1776 1712 1873 1774 vel
1923 1711 2117 1772 Linum
2186 1739 2201 1748 ·

128 1795 455 1858 Thebanum
495 1807 554 1857 et
593 1795 950 1876 temporibus
993 1796 1256 1858 Troianis
1293 1796 1652 1858 Palamedem
1682 1797 1961 1875 Argivum
1998 1813 2114 1856 me-

125 1891 346 1942 morant
379 1881 635 1942 sedecim
665 1880 1247 1956 literarum'formas,
1290 1897 1427 1939 mox
1468 1880 1611 1940 alios
1642 1898 1711 1939 ac
1742 1881 2110 1959 praecipuum
2134 1904 2185 1945 ιο

127 1964 455 2025 Simoniden
497 1975 728 2026 ceteras
758 1965 1116 2044 repperisse.
1175 1972 1232 2024 at
1266 1963 1323 2023 in
1350 1962 1515 2024 Italia
1546 1963 1779 2023 Etrusci
1811 1960 1881 2022 ab
1914 1962 2113 2024 Corin-

123 2047 238 2108 thio
278 2047 623 2148 Demarato,
668 2049 1038 2125 Aborigenes
1068 2046 1303 2109 Arcade
1341 2045 1412 2106 ab
1454 2046 1727 2109 Evandro
1767 2046 2112 2115 didicerunt;

121 2139 178 2190 et
203 2130 428 2192 formae
456 2108 642 2191 literis
667 2132 879 2193 Latinis
913 2149 1062 2209 quae
1093 2132 1417 2191 veterrimis
1450 2129 1819 2193 Graecorum.
1878 2128 1984 2191 sed
2012 2146 2112 2190 no·

116 2213 208 2271 bis
241 2230 476 2292 quoque
516 2229 738 2294 paucae
769 2216 1007 2293 primum
1039 2209 1237 2291 fuere,
1280 2213 1487 2275 deinde
1517 2215 1745 2276 additae
1776 2223 1923 2275 sunt.
1998 2232 2113 2294 quo

117 2294 395 2373 exemplo
432 2295 702 2357 claudius
729 2307 850 2357 tres
881 2298 1081 2357 literas
1115 2298 1357 2375 adiecit,
1402 2316 1552 2377 quae
1580 2300 1718 2363 usui
1750 2302 2111 2379 imperitante
2132 2318 2184 2359 ιε»

115 2398 222 2455 eo,
268 2389 410 2458 post
441 2379 812 2457 obliteratae,
858 2383 1208 2461 aspiciuntur
1236 2384 1405 2444 etiam
1434 2401 1585 2444 nunc
1622 2386 1681 2444 in
1711 2402 1846 2444 aere
1877 2383 2110 2463 publico

117 2483 224 2543 per
255 2462 386 2523 fora
418 2482 489 2524 ac
517 2464 729 2540 templa
761 2466 897 2526 fixo.

247 2549 345 2608 15.
387 2546 630 2608 Rettulit
669 2548 874 2609 deinde
915 2550 989 2611 ad
1030 2559 1289 2611 senatum
1328 2569 1507 2631 super
1550 2551 1807 2629 collegio
1852 2550 2111 2630 haruspi-

123 2650 280 2709 cum,
325 2650 400 2692 ne
434 2631 816 2693 vetustissima
855 2631 1056 2695 Italiae
1099 2634 1431 2713 disciplina
1444 2654 1552 2715 per
1590 2634 1867 2695 desidiam
1912 2634 2111 2695 exole-

123 2724 344 2776 sceret:
379 2733 560 2795 saepe
589 2715 852 2777 adversis
881 2719 968 2777 rei
1004 2717 1272 2797 publicae
1300 2719 1655 2800 temporibus
1686 2721 1939 2796 accitos,
1973 2736 2110 2797 quo-

121 2818 241 2859 rum
271 2802 486 2860 monitu
513 2797 936 2877 redintegratas
976 2804 1357 2864 caerimonias
1384 2813 1443 2865 et
1480 2805 1537 2863 in
1573 2811 1869 2884 posterum
1897 2803 2112 2863 rectius

122 2880 372 2952 habitas;
431 2884 832 2962 primoresque
872 2884 1138 2946 Etruriae
1181 2896 1389 2966 sponte
1430 2896 1536 2949 aut
1565 2897 1788 2967 patrum
1826 2888 2111 2948 Romano·
2134 2906 2163 2946 5

123 2982 242 3027 rum
281 2967 512 3047 inpulsu
550 2968 856 3028 retinuisse
896 2970 1194 3030 scientiam
1236 2980 1295 3031 et
1338 2974 1397 3032 in
1434 2972 1677 3033 familias
1714 2988 2111 3052 propagasse;
2208 2982 2215 2987 ·

124 3050 273 3125 quod
311 3068 465 3111 nunc
507 3053 744 3128 segnius
787 3053 913 3112 fieri
947 3052 1174 3131 publica
1208 3056 1365 3115 circa
1405 3055 1589 3117 bonas
1626 3063 1781 3117 artes
1818 3054 2111 3131 socordia,

125 3141 180 3191 et
221 3136 348 3213 quia
394 3144 670 3196 externae
717 3139 1164 3216 superstitiones
1200 3138 1527 3200 valescant:
1580 3148 1640 3201 et
1680 3140 1832 3201 laeta
1884 3139 2111 3217 quidem

122 3215 178 3275 in
205 3236 487 3295 praesens
517 3220 738 3297 omnia,
767 3219 875 3281 sed
899 3220 1236 3298 benignitati
1266 3221 1433 3282 ‘deum
1461 3226 1701 3301 gratiam
1727 3221 2110 3301 referendam,

123 3315 192 3360 ne
225 3302 368 3363 ritus
408 3319 705 3364 sacrorum
738 3306 887 3365 inter
931 3303 1200 3381 ambigua
1248 3306 1383 3366 culti
1423 3324 1530 3386 per
1571 3324 1857 3387 prospera
1902 3304 2101 3367 oblite·
2130 3326 2185 3367 ιο

121 3395 397 3448 rai-entur.
459 3386 674 3447 iactum
717 3407 795 3448 ex
837 3407 910 3449 eo
956 3397 1190 3456 senatus
1224 3389 1577 3471 consultum,
1625 3390 1887 3452 viderent
1925 3390 2109 3471 ponti-

123 3464 262 3527 fices
289 3487 440 3547 quae
467 3471 766 3533 retinenda
797 3472 1184 3552 firmandaque
1214 3473 1602 3555 haruspicum.
1652 3508 1657 3515 ¹
2102 3491 2113 3505 ‘
