2475 4000
314 205 442 252 vm
533 232 540 241 ,
865 174 1408 252 connum-Ainus
1444 203 1777 252 cmi-icus.

309 361 462 419 Jahn
489 363 524 418 1.
559 363 636 431 c.)
669 355 699 441 Ι
749 371 810 422 15
839 370 1212 435 opposuerant
1240 361 1330 418 He
1377 361 1387 432 Ι
1438 368 1501 422 17
1530 361 1772 433 deripuit
1802 361 1857 416 B
1893 355 1903 438 Ι
1952 368 2020 422 18
2048 363 2366 420 deferebat

313 447 579 518 impeetus
619 446 630 517 Ι
665 452 734 504 20
760 447 1087 504 accedentes
1115 446 1183 502 M
1213 445 1226 521 Ι
1264 443 1377 516 36,
1406 453 1443 508 8
1463 447 1583 502 sive
1611 445 1729 501 JG:
1760 445 1869 502 sibi
1908 444 1919 514 Ι
1958 447 2361 502 concederen-

313 536 400 584 tur
429 528 513 584 R.-
552 532 956 592 concedentur;
988 548 1036 588 v.
1081 531 1156 586 W
1175 533 1234 585 in
1260 547 1312 587 n.
1346 547 1479 586 ann.
1502 529 1608 602 ph.
1638 535 1765 600 etp.
1794 534 1895 598 52,
1924 535 1993 589 32

479 610 593 683 37,
638 621 674 674 3
705 614 1012 686 quitaniunt
1041 614 1593 684 etuicessinanique‚
1636 629 1736 668 em.
1776 612 1891 668 Hm
1932 609 2018 688 (q.
2051 614 2353 670 unetvice-

311 697 614 766 simanique
647 693 757 772 v.),·
781 696 858 768 cf.
884 697 961 760 Η.
994 704 1058 766 3,
1088 702 1156 756 14
1187 697 1709 766 unietvicensimae,
1739 699 1835 768 qui
1860 703 1940 752 est
1972 697 2201 753 dativus.

2436 581 2441 680 Ι

479 775 590 849 38,
621 788 656 841 3
679 779 768 837 Μ’.
803 781 1009 838 Ennius
1039 781 1102 836 Ν
1137 782 1283 848 (coll.
1318 781 1493 838 Dione
1522 788 1623 850 55,
1654 783 1777 849 13):
1812 781 2061 836 nennius
2094 776 2191 854 (Μ.
2228 782 2349 836 En-
2440 757 2443 856 Ι

310 865 433 920 nius
468 864 556 932 H)
597 857 610 943 Ι
661 863 774 932 41,
815 871 850 923 4
881 865 1010 936 quid
1045 872 1151 920 tam
1187 865 1347 920 triste
1376 865 1465 924 H‚·
1506 864 1883 936 spectaculum
1928 865 2113 933 deesse
2153 864 2202 919 U
2224 883 2345 937 pu·-

307 947 456 1002 tabat
489 940 498 1026 Ι
537 955 570 1007 5
603 949 824 1006 uxoris:
861 948 1023 1004 uxori
1053 949 1285 1007 honoris
1329 949 1523 1002 Wurm
1552 947 1924 1033 (Phaon-JK
1954 951 2082 1016 89),
2119 951 2218 1020 qui
2245 950 2345 1004 de-

305 1033 431 1088 inde
454 1032 670 1088 scribit.-
703 1038 759 1088 et
785 1036 1046 1090 externae
1077 1032 1221 1088 tradi
1254 1032 1383 1088 fidei

472 1112 586 1186 43,
618 1123 684 1174 12
714 1131 927 1187 vosque
961 1132 1190 1187 quorum
1225 1116 1285 1170 N
1325 1109 1335 1190 Ι
1386 1112 1501 1185 44,
1538 1121 1603 1176 17
1638 1098 1925 1172 censufam
1958 1111 2216 1188 (censum
2249 1114 2345 1191 Η)

307 1200 685 1258 centurionum
714 1200 835 1262 Bz,·
875 1206 933 1254 at
957 1204 1141 1254 exstat
1168 1217 1220 1256 v.
1264 1200 1708 1268 centurionatus,
1742 1205 1804 1254 ut
1838 1200 2047 1254 monuit
2100 1199 2341 1269 Urlichs,
2445 1209 2446 1214 ’

304 1285 465 1338 etiam
503 1285 559 1336 in
587 1289 764 1338 vetere
794 1285 938 1338 tilulo
978 1285 1034 1337 in
1076 1283 1222 1338 Bull.
1262 1282 1502 1340 archeol.
1532 1286 1665 1344 1851
1690 1299 1826 1354 paq.
1874 1287 1977 1342 174
2024 1283 2036 1354 Ι
2084 1289 2153 1342 20
2192 1284 2342 1340 dona

317 1367 612 1428 Victorius.-
642 1366 869 1422 donaria
907 1360 917 1442 Ι
955 1373 1020 1424 21
1054 1367 1313 1435 ordines,
1341 1381 1441 1422 em.
1472 1367 1747 1438 Kiesslinq

473 1445 586 1517 47,
615 1455 649 1508 6
685 1449 1101 1506 intenderentur
1138 1442 1149 1526 Ι
1187 1447 1302 1518 50,
1332 1457 1365 1509 5
1410 1452 1538 1507 inde
1580 1452 1649 1506 ad
1681 1447 1856 1506 saltus
1900 1449 2094 1506 Wurm
2123 1452 2181 1504 in
2208 1449 2344 1506 Phi-

209 1606 215 1612 '
305 1533 397 1588 Iol.
424 1533 528 1602 lx,
571 1537 639 1592 92
691 1527 704 1610 Ι
753 1528 864 1602 51,
895 1539 964 1590 20
993 1529 1183 1604 primis
1246 1525 1257 1612 Ι
1315 1529 1427 1603 52,
1466 1543 1497 1593 5
1540 1535 1726 1606 magis·
1762 1535 2069 1606 inspeetem
2110 1535 2223 1601 (vel
2255 1537 2343 1592 in-

303 1619 580 1689 spectum)
615 1607 626 1694 Ι
667 1613 779 1685 53,
809 1620 840 1674 7
879 1623 1006 1689 post
1043 1633 1204 1674 uuum
1241 1615 1255 1689 Ι
1292 1614 1407 1686 54,
1437 1624 1471 1677 3
1503 1619 1677 1674 Titios
1721 1617 2075 1674 Vera-anius.-
2103 1618 2279 1674 tatios

471 1696 583 1769 55,
615 1708 680 1758 11
713 1700 951 1769 armeni,
995 1708 1056 1758 ut
1081 1704 1243 1756 etiam
1272 1707 1339 1769 2,
1369 1707 1439 1762 88
1474 1702 1749 1758 armenius
1779 1707 1830 1756 et
1861 1708 1916 1760 11
1938 1742 1956 1770 ,
1984 1707 2053 1761 16
2085 1703 2343 1772 armenii,

299 1783 577 1840 ut‘nomen
605 1800 642 1838 a
671 1782 938 1838 Strabone
957 1785 1210 1842 traditum
1238 1791 1335 1840 est.
1374 1776 1385 1861 Ι
1424 1789 1491 1845 14
1519 1801 1693 1855 gener
1722 1784 1935 1842 invisus
1964 1785 2217 1842 inimicus
2244 1803 2343 1842 so-

303 1868 421 1924 ceri
465 1868 566 1922 Wr
592 1870 710 1924 sine
749 1873 1040 1930 commane,-
1079 1873 1131 1924 v.
1175 1869 1253 1924 W
1272 1872 1330 1924 in
1366 1885 1497 1924 ann.
1530 1869 1671 1940 phil.
1711 1874 1763 1924 et
1790 1885 1855 1940 p.
1890 1871 1994 1926 vol.
2037 1875 2136 1938 52,
2178 1875 2248 1927 52
2296 1875 2346 1925 et

299 1951 390 2009 Bz
407 1991 423 2024 ,
455 1953 551 2025 qui
577 1953 847 2025 amplicat.-
883 1951 1018 2010 ςΙιοιβ
1047 1953 1157 2009 dici
1179 1958 1446 2027 apparet,
1485 1953 1633 2025 quod
1658 1952 1941 2015 Arminius
1966 1953 2141 2025 filiam
2171 1951 2341 2025 Βερε-

299 2039 370 2093 sti
394 2040 701 2107 rapuisset,
732 2052 996 2113 yenerum
1029 2040 1261 2095 invisum
1292 2038 1508 2109 factum
1532 2039 1667 2092 'esse
1704 2052 1924 2105 secere,
1965 2052 2127 2109 quem
2160 2040 2342 2093 inimi-

301 2136 424 2177 cum
451 2124 561 2177 iam
589 2126 754 2177 antea
781 2121 1075 2195 habuisset.
1131 2120 1329 2195 Itaque
1356 2124 1413 2176 in
1438 2136 1501 2177 eo
1534 2126 1779 2177 erratum
1802 2127 1919 2189 est,
1947 2109 2097 2193 quod
2122 2122 2340 2179 invisus

301 2210 353 2259 et
391 2205 644 2261 inimicus
684 2206 922 2272 eiusdem
951 2208 1208 2277 temporis
1254 2220 1372 2261 esse
1405 2205 1779 2275 putaverunt?
1835 2205 1944 2261 Alii
1976 2206 2340 2277 distinyuunt:

301 2304 476 2357 gener
506 2288 755 2357 invisuS,
785 2289 994 2346 inimici
1025 2290 1241 2355 soceri3
1286 2292 1424 2347 coni.
1458 2289 1537 2344 P.-
1568 2306 1622 2359 g.
1668 2289 1915 2358 invisus,
1957 2289 2212 2347 inimicus
2242 2306 2341 2345 so-

301 2387 424 2435 eer;
460 2371 522 2427 N
525 2388 626 2442 .·.g.
665 2372 910 2440 inviam,
941 2373 1196 2430 inimicus
1226 2374 1413 2430 soceri

469 2450 580 2525 56,
613 2461 648 2515 9
682 2456 1064 2515 metuebantur
1107 2456 1152 2515 L
1191 2448 1200 2535 Ι
1241 2464 1304 2516 11
1337 2456 1668 2525 tramiserit,
1712 2470 1816 2511 em·
1858 2456 1909 2513 A
1949 2463 2001 2511 et
2038 2455 2091 2510 Ρ
2124 2455 2241 2522 (hic
2284 2459 2341 2510 in

299 2540 566 2611 append.)
801 2592 807 2598 i
899 2586 910 2597 ,
1193 2584 1200 2601 .

466 2620 580 2694 57,
612 2630 644 2685 5
675 2626 954 2696 rebusque
983 2624 1146 2685 motis
1178 2624 1252 2679 L.-
1282 2625 1449 2681 rebus
1470 2620 1753 2681 commotis
1796 2615 1805 2701 Ι
1843 2630 1909 2683 15
1940 2639 2121 2694 neque
2152 2622 2339 2679 evicta

299 2706 540 2779 Ruperti
583 2708 688 2776 (ad
719 2707 863 2765 Hist.
895 2714 930 2767 2
947 2749 964 2777 ,
1016 2710 1110 2775 64)
1149 2712 1201 2763 et
1244 2707 1479 2779 Spenyel
1508 2708 1672 2775 (uber
1710 2708 1817 2762 das
1855 2711 2000 2761 erste
2038 2703 2202 2763 Buch
2236 2708 2345 2773 der

296 2791 436 2846 Ann.
469 2798 602 2851 1855
628 2807 690 2862 p.
727 2789 856 2865 20);
891 2808 1070 2863 neque
1095 2791 1273 2855 uicta;
1314 2792 1384 2847 ef.
1421 2799 1519 2861 11,
1550 2797 1615 2851 37
1643 2792 1713 2848 ad
1744 2791 2154 2849 miserationem
2182 2790 2341 2845 evic-

298 2882 386 2944 ta,
430 2874 504 2931 H.
546 2880 614 2945 2,
645 2880 715 2934 64
753 2875 812 2931 in
859 2874 1119 2945 gaudium
1151 2876 1330 2933 evicta
1374 2870 1383 2953 Ι
1421 2872 1536 2945 58,
1570 2883 1603 2935 5
1640 2876 1885 2933 inuisunt
1932 2870 1943 2946 Ι
1994 2880 2059 2931 11
2090 2874 2194 2932 illa.
2224 2890 2343 2928 nox

297 2959 462 3027 mihi,
493 2958 700 3016 utinam
727 2958 817 3015 He
865 2952 875 3034 Ι
929 2963 993 3017 17
1025 2960 1364 3030 nemimem,
1394 2967 1456 3016 ut
1493 2962 1553 3015 in
1576 2959 1729 3022 Med,
1770 2959 1873 3014 hoc
1900 2972 2012 3013 voe.
2050 2958 2225 3013 scribi
2245 2972 2339 3013 so-

298 3043 369 3100 let
417 3039 428 3113 Ι
475 3047 544 3101 22
573 3042 766 3098 uetere
797 3041 875 3097 L.-
905 3048 1096 3099 uetera
1131 3038 1397 3116 (Vetera,
1439 3050 1499 3099 ut
1524 3046 1723 3099 iterum
1755 3042 1993 3113 Spenyel
2017 3042 2055 3095 l.
2082 3056 2133 3095 c.
2156 3042 2340 3109 voluit,

298 3132 395 3183 aut
428 3132 674 3183 veterem
720 3132 821 3181 aut
857 3132 914 3181 et
961 3143 1088 3185 aera
1126 3134 1221 3183 aut
1258 3129 1405 3185 ultro
1454 3129 1673 3199 aliaque
1714 3128 1813 3182 alii
1851 3125 2149 3192 malebant,
2192 3140 2345 3196 quae

297 3211 478 3266 omnia
503 3210 682 3263 minus
699 3209 1010 3281 probabilia
1038 3208 1320 3287 videniur)
1363 3212 1373 3283 Ι
1412 3209 1525 3281 59,
1568 3218 1637 3270 13
1664 3210 1941 3269 hominum
1974 3226 2047 3263 m.
2069 3225 2167 3279 pr.
2200 3204 2341 3281 (hou-

295 3292 495 3351 minem
531 3288 742 3365 corr.).·
775 3296 1069 3353 Romanum
1097 3295 1204 3355 Fr.
1243 3297 1385 3367 Auy.
1430 3294 1611 3366 Wolf,
1652 3296 1759 3351 hoo
1792 3310 1954 3352 unum
1989 3293 2110 3362 Bz,
2142 3309 2341 3348 sacer-

205 3418 208 3427 .
297 3377 506 3434 dotium
521 3418 538 3447 ‚
571 3377 844 3438 dominum
864 3380 954 3435 He
964 3402 983 3441 ;
1009 3382 1130 3449 ipse
1140 3384 1310 3451 prius
1332 3382 1671 3435 conieceram
1694 3379 1957 3441 hostium3
1982 3392 2129 3433 nunc
2153 3383 2341 3431 tamen

287 3468 586 3533 praestare
637 3464 807 3519 visum
854 3471 939 3519 est
981 3464 1259 3519 lectionem
1315 3466 1582 3519 incertam
1642 3462 1917 3520 hominum
1962 3474 2194 3517 servare
2208 3502 2222 3527 ‚
2278 3467 2345 3517 ut

2441 1675 2457 2649 ——.———-——-›-*u—-——.
