2475 4000
733 208 1046 295 ιιιιιιιιιι.
1081 210 1228 258 cAr.
1262 210 1497 263 siz—ss.
2035 197 2117 259 77

138 364 333 425 delicti
355 362 655 423 manifesta
686 363 963 424 ultionem
990 365 1140 441 legis
1167 365 1473 425 omisisset.
1530 375 1697 444 atque
1721 366 1825 426 illo
1848 375 2113 444 praeten-

138 448 308 508 dente
349 448 650 524 sexaginta
691 446 814 506 dies
857 448 929 507 ad
971 448 1403 510 consultandum
1443 449 1608 508 datos
1650 450 1891 509 necdum
1945 468 2113 529 prae·

137 531 378 605 terisse,
425 532 563 592 satis
602 532 785 589 visum
831 530 904 590 de
942 531 1168 591 Vistilia
1213 541 1496 599 statuere;
1553 531 1737 609 eaque
1772 534 1829 609 in
1873 535 2114 593 insulam
2135 554 2184 593 ιο

137 614 423 693 Seriphon
455 614 644 673 abdita
677 622 782 672 est.
845 624 1031 673 actum
1066 625 1124 674 et
1157 614 1231 673 de
1277 616 1459 674 sacris
1492 614 1797 692 Aegyptiis
1842 614 2113 676 Iudaicis-

136 715 248 776 que
287 697 575 777 pellendis
605 697 933 775 factumque
964 708 1188 776 patrum
1219 699 1560 773 consultum,
1591 707 1652 757 ut
1680 707 1943 775 quattuor
1963 701 2119 759 milia

133 781 387 840 libertini
417 782 653 857 generis
683 798 751 840 ea
781 782 1190 859 superstitione
1222 781 1464 856 infecta,
1510 782 1637 859 quis
1683 782 1893 841 idonea
1934 792 2115 857 aetas,

132 865 189 923 in
221 864 812 924 insulam'Sardiniam
844 859 1225 940 veherentur,
1264 864 1607 941 coercendis
1639 864 1761 923 illic
1804 864 2117 923 latrociniis

135 957 224 1023 et,
247 950 320 1006 -si
365 948 440 1007 ob
475 948 814 1024 gravitatem
857 949 1004 1008 caeli
1041 943 1400 1024 interissent,
1444 947 1889 1025 vileldamnum;
1938 948 2187 1007 ceteri1⁵

133 1032 412 1091 cederent
432 1031 615 1107 Italia,
639 1031 746 1089 nisi
773 1041 988 1092 certam
1005 1042 1141 1113 ante
1167 1031 1319 1090 diem
1340 1031 1618 1109 profanos
1640 1033 1783 1091 ritus
1804 1033 2118 1091 exuissent.

258 1116 362 1176 86.
401 1114 540 1175 Post
569 1132 717 1193 quae
748 1115 965 1175 rettulit
992 1114 1209 1175 Caesar
1241 1114 1579 1193 capiendam
1618 1114 1899 1191 virginem
1939 1116 1995 1173 in
2035 1115 2118 1174 lo-

132 1217 257 1258 cum
291 1197 506 1258 Occiae
526 1216 722 1276 ,quae
751 1208 976 1276 septem
1007 1208 1066 1257 et
1093 1198 1499 1276 quinquaginta
1532 1215 1640 1276 per
1682 1215 1863 1257 annos
1905 1215 2121 1257 summa

130 1283 503 1356 sanctimonia
556 1281 888 1341 Vestalibus
944 1282 1126 1341 sacris
1174 1280 1579 1359 praesederat;
1633 1284 1867 1359 egitque
1920 1291 2119 1357 grates

129 1364 376 1425 Fonteio
407 1365 707 1444 Agrippae
739 1374 796 1423 et
827 1364 1076 1424 Domitio
1108 1363 1387 1440 Pollioni,
1424 1364 1579 1443 quod
1623 1365 1921 1425 offerendo
1972 1358 2167 1423 filias

131 1449 204 1508 de
237 1450 434 1509 officio
463 1452 520 1507 in
550 1466 672 1507 rem
703 1448 993 1526 publicam
1025 1442 1333 1519 certarent.
1384 1448 1668 1547 ‘praelata
1712 1456 1802 1508 est
1839 1448 2116 1509 Pollionis
2136 1457 2162 1496 5

130 1534 280 1609 filia,
315 1550 430 1593 non
460 1532 537 1591 ob
566 1531 720 1591 aliud
750 1548 919 1610 quam
948 1530 1102 1610 quod
1131 1540 1313 1591 mater
1342 1533 1466 1590 eius
1495 1534 1553 1589 in
1596 1532 1804 1591 eodem
1848 1532 2117 1609 coniugio

128 1616 428 1685 manebat;
461 1633 589 1674 nam
624 1615 886 1693 Agrippa
918 1615 1161 1675 discidio
1193 1616 1417 1675 domum
1440 1616 1815 1675 imminuerat.
1882 1624 1941 1673 et
1972 1613 2115 1673 Cae·

129 1719 226 1760 sar
262 1701 521 1777 quamvis
553 1698 936 1777 posthabitam
965 1699 1203 1759 deciens
1237 1700 1493 1759 sestertii
1528 1699 1665 1759 dote
1696 1698 1916 1759 solatus
1952 1706 2062 1757 est.

255 1783 356 1843 87.
398 1784 704 1843 Saevitiam
747 1800 1004 1846 annonae
1049 1783 1345 1842 incusante
1384 1782 1559 1859 plebe
1600 1784 1793 1842 statuit
1832 1782 2117 1841 frumento

129 1868 397 1947 pretium,
429 1867 582 1945 quod
611 1876 838 1944 emptor
867 1866 1182 1945 penderet,
1224 1866 1509 1941 binosque
1554 1882 1811 1923 nummos
1853 1884 1917 1924 se
1960 1864 2118 1924 addi·

127 1962 313 2011 turum
337 1950 849 2028 negotiatoribus'
833 1969 889 2010 ιιι
917 1950 1182 2026 singulos
1213 1946 1461 2009 modios
1512 1964 1702 2024 neque
1730 1956 1922 2006 tamen
1950 1948 2025 2006 ob
2049 1964 2121 2006 ea

127 2033 384 2113 parentis
415 2037 638 2113 patriae
669 2034 918 2094 delatum'
955 2044 1014 2092 et
1044 2042 1211 2092 antea
1239 2030 1587 2090 vocabulum
1615 2029 1923 2105 adsumsit,
1958 2047 2119 2088 acer-

126 2117 322 2195 beque
353 2119 636 2196 increpuit
667 2135 794 2193 eOS,
826 2118 921 2196 qui
951 2117 1172 2176 divinas
1205 2114 1618 2191 occupationes
1666 2115 1969 2192 ipsumque
2012 2112 2113 2171 do·
2139 2127 2165 2164 ⁵

128 2203 340 2259 minum
371 2200 650 2259 dixerant.
706 2201 857 2262 unde
886 2209 1126 2276 angusta
1159 2207 1219 2257 et
1246 2198 1467 2258 lubrica
1497 2198 1682 2257 oratio
1708 2197 1812 2257 sub
1836 2197 2121 2276 principe,

129 2284 230 2362 qui
262 2281 586 2341 libertatem
611 2282 924 2359 metuebat,
958 2281 1342 2342 adulationem
1375 2281 1599 2342 oderat.

251 2363 353 2426 88.
407 2361 662 2442 Reperio
697 2365 878 2444 apud
941 2366 1263 2464 scriptores
1321 2373 1738 2442 senatoresque
1788 2327 2122 2426 eorundem

128 2461 456 2528 temporum
484 2448 895 2526 Adgandestrii
927 2450 1200 2528 principis
1229 2447 1562 2510 Chattorum
1589 2449 1775 2508 lectas
1816 2449 1875 2507 in
1920 2458 2123 2508 senatu

129 2536 368 2608 literas,
386 2532 592 2610 quibus
623 2541 867 2592 mortem
889 2533 1127 2592 Arminii
1154 2533 1544 2612 promittebat,
1577 2535 1627 2592 si
1656 2533 1969 2612 patrandae
1994 2534 2124 2590 neci

129 2635 413 2678 venenum
453 2617 807 2686 mitteretur;
862 2635 1320 2696 responsumque
1366 2634 1500 2677 esse
1540 2634 1655 2675 non
1699 2615 1902 2676 fraude
1932 2633 2123 2693 neque

133 2701 409 2776 occultis,
455 2700 564 2760 sed
606 2699 794 2779 palam
836 2709 895 2759 et
935 2711 1208 2760 armatum
1244 2700 1521 2780 populum
1560 2700 1874 2759 Romanum
1918 2700 2117 2759 hostes
2145 2715 2169 2752 5

45 2798 52 2806 ·
133 2803 272 2844 suos
307 2785 529 2844 ulcisci.
589 2801 700 2862 qua
729 2783 1232 2861 gloria-aequabat
1280 2805 1347 2844 se
1380 2783 1647 2844 Tiberius
1695 2784 1903 2862 priscis
1946 2785 2125 2861 impe-

133 2868 444 2944 ratoribus,
479 2869 574 2946 qui
603 2885 887 2927 venenum
915 2868 974 2925 in
1002 2868 1238 2942 Pyrrum
1273 2885 1475 2945 regem
1506 2876 1807 2927 vetuerant
1851 2867 2124 2946 prodide-

132 2961 395 3030 rantque.
459 2950 1030 3031 ceterumArminius
1062 2951 1507 3012 abscedentibus
1538 2951 1810 3011 Romanis
1856 2960 1914 3010 et
1954 2949 2125 3030 pulso

131 3035 489 3096 Maroboduo
526 3054 768 3114 regnum
809 3034 1110 3096 adfectans
1153 3033 1479 3094 libertatem
1519 3036 1882 3114 popularium
1922 3035 2125 3094 adver-

133 3138 252 3179 sam
283 3118 497 3194 habuit,
529 3121 860 3198 petitusque
884 3119 1056 3177 armis
1080 3136 1207 3177 cum
1234 3120 1392 3178 varia
1424 3119 1650 3178 fortuna
1674 3127 1950 3193 certaret,
1988 3118 2124 3178 dolo
2148 3129 2195 3168 10

132 3205 584 3294 propinquorum
629 3203 869 3264 cecidit:
927 3201 1207 3261 liberator
1262 3202 1413 3261 haud
1468 3202 1639 3262 dubie
1681 3201 2018 3262 Germaniae
2070 3211 2128 3261 et

133 3277 228 3363 qui
264 3303 377 3346 non
407 3285 718 3364 primordia
749 3285 978 3385 populi·
980 3285 1246 3361 Romani,
1280 3287 1425 3344 sicut
1461 3286 1557 3345 alii
1586 3303 1762 3362 reges
1808 3285 2126 3363 ducesque,
2230 3341 2247 3354 „

130 3371 238 3430 sed
267 3369 728 3431 florentissimum
773 3370 1072 3449 imperium
1115 3370 1475 3445 lacessierit,
1519 3369 1761 3448 proeliis
1810 3369 2126 3446 ambiguus,

131 3449 290 3514 bello
319 3470 436 3536 non
461 3455 668 3517 victus.
738 3463 964 3532 septem
1006 3461 1064 3513 et
1103 3455 1338 3531 triginta
1384 3470 1563 3514 annos
1596 3453 1784 3530 vitae,
1828 3453 2131 3514 duodecim
