2475 4000
609 207 818 256 menn
847 210 940 258 IV.
967 209 1122 280 cnr.
1154 207 1390 263 52—56.
1908 201 2027 263 139

61 362 269 422 senatui
311 361 655 439 legatosque
699 362 911 440 Asiae,
975 349 1330 440 ambigentes
1397 382 1637 443 quanam
1688 368 1743 425 iu
1799 369 2026 428 civitate

55 445 320 524 templum
352 453 720 521 statueretur,
755 446 933 523 pluris
965 465 1070 525 per
1099 447 1222 506 dies
1254 447 1483 508 audivit.
1550 448 1811 510 undecim
1852 451 2027 511 urbes

59 528 379 606 certabant,
419 530 544 607 pari
581 528 921 607 ambitione‘,
966 531 1182 590 viribus
1227 531 1511 590 diversae.
1575 550 1758 609 neque
1800 535 2027 595 multum

59 612 308 672 distantia
351 614 498 671 inter
539 631 606 671 se
648 615 1039 673 memorabant
1081 615 1152 673 de
1200 623 1485 674 vetustate
1530 617 1795 692 generis,
1840 617 2023 678 studio
2051 644 2077 684 5

57 697 110 754 in
141 695 406 774 populum
434 696 748 772 Romanum
779 714 885 773 per
912 697 1065 758 bella
1097 697 1263 758 Persi
1303 706 1361 757 et
1403 697 1717 757 Aristonici
1765 699 2023 760 aliorum-

61 797 161 856 que
200 798 419 856 regum.
502 799 699 839 verum
749 779 1090 859 Hypaepeni
1133 780 1520 859 Trallianique
1570 781 1909 842 Laodicenis
1960 801 2029 842 ac
2135 792 2143 802 “

59 862 405 939 Magnetibus
435 863 598 923 simul
628 864 873 944 tramissi
911 874 970 924 ut
1023 883 1222 942 parum
1266 864 1471 934 validi;
1512 881 1585 924 ne
1623 863 1867 925 Ilienses
1908 867 2028 942 qui-

59 947 189 1021 dem,
221 965 346 1006 cum
385 955 680 1025 parentem
708 947 863 1006 urbis
891 949 1112 1008 Romae
1144 947 1371 1008 Troiam
1400 949 1714 1026 referrent,
1751 950 1860 1008 nisi
1892 951 2027 1008 anti·-

57 1031 270 1106 quitatis
306 1030 500 1107 gloria
533 1030 848 1108 pollebant.
909 1031 1137 1110 paulum
1165 1031 1563 1107 addubitatum,
1594 1031 1750 1109 quod
1774 1032 2025 1092 Halicar-
2052 1051 2099 1092 ιο

57 1114 182 1174 nasii
213 1115 372 1174 mille
407 1124 465 1173 et
493 1113 770 1174 ducentos
802 1133 910 1192 per
941 1132 1122 1175 annos
1153 1115 1312 1175 nullo
1346 1123 1503 1176 motu
1526 1124 1716 1175 terrae
1738 1118 2029 1175 nutavisse

55 1197 207 1256 sedes
253 1216 394 1258 suas
436 1200 687 1274 vivoque
728 1199 785 1256 in
827 1215 969 1257 saxo
1009 1198 1373 1260 fundamenta
1415 1198 1614 1276 templi
1646 1199 2027 1259 adseverave-

53 1290 182 1340 rant.
259 1282 662 1357 Pergamenos
707 1283 822 1359 (eo
868 1282 999 1358 ipso
1045 1281 1409 1361 nitebantur)
1454 1280 1598 1341 aede
1637 1283 1903 1359 Augusto
1950 1281 2031 1352 ibi

53 1366 146 1423 sita
177 1367 309 1425 satis
341 1364 592 1443 adeptos
625 1363 920 1424 creditum.
986 1363 1224 1442 Ephesii
1255 1364 1599 1443 Milesiique,
1628 1365 1685 1425 hi
1715 1366 2026 1444 Apollinis,

55 1447 126 1504 illi
151 1447 366 1509 DIanae
407 1449 754 1510 caerimonia
786 1449 1170 1525 occupavisse
1201 1451 1465 1508 civitates
1495 1451 1620 1508 visi.
1693 1452 1769 1508 ita
1798 1448 2024 1508 Sardia·
2046 1465 2094 1506 15

53 1549 146 1590 nos
198 1533 343 1592 inter
400 1533 869 1610 Zmyrnaeosque
925 1531 1318 1594 deliberatum.
1418 1532 1677 1594 Sardiani
1735 1532 2029 1592 decretum

53 1612 298 1675 Etruriae
329 1618 661 1676 recitavere
692 1624 750 1673 ut
777 1617 1218 1692 consanguinei:
1253 1633 1380 1678 nam
1411 1616 1767 1689 Tyrrhenum
1786 1615 2027 1690 Lydum-

53 1715 152 1774 que
181 1699 330 1774 Atye
362 1718 509 1776 rege
543 1700 772 1777 genitos
799 1699 874 1758 ob
905 1699 1314 1760 multitudinem
1336 1699 1603 1758 divisisse
1625 1708 1891 1776 gentem;
1922 1699 2027 1772 Ly-

53 1781 168 1842 dum
196 1785 398 1860 patriis
417 1785 478 1843 in
506 1785 676 1844 terris
711 1783 1020 1859 resedisse,
1053 1782 1355 1858 Tyrrheno
1387 1783 1575 1841 datum
1606 1799 1789 1840 novas
1811 1791 1871 1840 ut
1894 1799 2026 1841 con-

53 1863 202 1926 deret
231 1868 435 1936 sedes;
481 1877 538 1926 et
567 1867 773 1927 ducum
805 1885 838 1926 e
867 1867 1190 1926 nominibus
1223 1865 1397 1924 indita
1442 1863 1725 1942 uocabula
1762 1863 1877 1923 illis
1922 1883 2099 1942 per20

52 1947 264 2028 Asiam,
305 1951 398 2011 his
425 1953 481 2011 in
509 1951 704 2022 Italia;
752 1958 1088 2029 auctamque
1129 1949 1316 2009 adhuc
1356 1946 1652 2022 Lydorum'
1686 1946 2031 2025 opulentiam

49 2036 224 2095 missis
245 2037 304 2093 in
337 2035 639 2096 Graeciam
663 2034 916 2113 populiS,
947 2036 1037 2093 cui
1073 2049 1209 2093 mox
1241 2050 1274 2091 a
1300 2031 1524 2108 Pelope
1554 2047 1781 2089 nomen.
1868 2030 2032 2089 simul

45 2116 232 2178 literas
263 2118 674 2194 imperatorum
715 2127 774 2177 et
813 2118 927 2177 icta
961 2116 1262 2177 nobiscum
1302 2114 1543 2175 foedera
1574 2112 1733 2173 bello
1762 2113 2031 2202 Macedo-

43 2218 164 2259 num
208 2198 648 2278 ubertatemque
702 2202 986 2260 flumiuum
1039 2216 1304 2276 suorum,
1367 2199 1704 2277 temperiem
1756 2197 1905 2257 caeli
1960 2216 2032 2257 ac

41 2282 177 2345 dites
211 2284 436 2342 circum
469 2292 654 2344 terras
684 2282 1094 2344 memorabant.
2042 2304 2094 2344 25

157 2368 260 2428 56.
303 2365 388 2427 At
429 2366 728 2441 Zmyrnaei
775 2368 1022 2445 repetita
1070 2374 1387 2441 vetustate,
1435 2382 1538 2424 seu
1585 2363 1857 2425 Tantalus
1890 2364 2031 2425 Iove

47 2461 194 2511 ortus
234 2450 398 2528 ἰΙΙοε,
425 2452 552 2510 sive
584 2450 845 2511 Theseus
877 2449 1066 2510 divina
1099 2460 1156 2510 et
1184 2453 1313 2527 ipse
1348 2449 1546 2527 stirpe,
1576 2450 1702 2506 sive
1724 2467 1833 2508 una
1861 2448 2029 2507 Ama-

47 2553 237 2595 zonum
267 2531 657 2615 condidisset,
695 2534 1106 2598 transcendere
1137 2534 1209 2594 ad
1239 2552 1308 2593 ea
1343 2533 1469 2610 quis
1500 2531 1745 2591 maxime
1782 2529 2033 2591 fidebant

51 2618 100 2675 in
127 2619 398 2698 populum
425 2620 741 2680 Romanum
774 2618 1020 2696 officiis,
1047 2620 1220 2679 missa
1255 2615 1443 2677 navali
1489 2615 1657 2692 copia
1700 2632 1817 2674 non
1858 2614 2029 2673 modo

53 2712 276 2763 externa
307 2704 379 2763 ad
409 2703 581 2779 bella,
612 2703 715 2762 sed
746 2720 892 2780 quae
936 2703 993 2760 in
1025 2702 1186 2763 Italia
1230 2699 1651 2765 tolerabantur;
1691 2717 1874 2777 seque
1915 2699 2027 2777 pri·
2053 2719 2078 2758 5

55 2800 167 2843 mos
210 2788 485 2867 templum
523 2785 679 2847 urbis
736 2787 958 2847 Romae
1012 2786 1315 2860 statuisse,
1374 2784 1451 2845 M.
1504 2781 1715 2842 Porcio
1769 2781 2031 2857 consule,

55 2872 261 2945 magnis
285 2870 515 2949 quidem
548 2872 658 2931 iam
694 2869 898 2949 populi
927 2869 1169 2949 Romani
1198 2868 1403 2944 rebus,
1452 2866 1697 2926 nondum
1743 2876 1930 2925 tamen
1962 2863 2031 2925 ad

57 2968 312 3014 summum
367 2955 569 3030 elatis,
628 2963 818 3015 stante
865 2951 1049 3012 adhuc
1099 2952 1313 3011 Punica
1371 2948 1513 3010 urbe
1560 2959 1617 3009 et
1670 2949 1873 3009 validis
1926 2966 2033 3027 per

59 3032 238 3095 Asiam
271 3038 530 3116 regibus.
595 3038 760 3098 simul
796 3037 858 3096 L.
888 3037 1104 3096 Sullam
1146 3044 1353 3094 testem
1394 3032 1763 3110 adferebant,
1812 3034 2031 3109 gravis-

57 3118 188 3179 simo
221 3123 276 3181 in
308 3123 636 3183 discrimine
669 3125 962 3181 exercitus
993 3120 1067 3180 ob
1100 3120 1470 3196 asperitatem
1509 3116 1714 3175 hiemis
1755 3125 1814 3175 et
1856 3134 2102 3194 penu-10

55 3202 180 3260 riam
206 3209 404 3282 vestis,
429 3224 556 3271 cum
569 3207 626 3266 id
639 3207 939 3280 Zmyrnam
957 3206 1014 3263 in
1031 3203 1357 3264 contionem
1379 3201 1688 3260 nuntiatum
1712 3199 1887 3275 foret,
1912 3216 2031 3257 om·

57 3300 152 3343 nes
180 3291 272 3365 qui
307 3289 606 3349 adstabant
634 3290 960 3349 detraxisse
995 3286 1234 3365 corpori
1274 3283 1527 3361 tegmina
1570 3284 1904 3361 nostrisque
1949 3282 2030 3341 le·

53 3367 310 3440 gionibus
351 3374 594 3433 misisse.
676 3376 754 3433 ita
811 3373 1002 3448 rogati
1050 3370 1389 3429 sententiam
1437 3375 1632 3445 patres
1681 3364 2033 3441 Zmyrnaeos

65 3456 406 3525 praetulere.
471 3459 804 3535 censuitque
834 3456 1037 3515 Vibius
1065 3454 1325 3529 Marsus,
1354 3460 1417 3512 ut
1441 3450 1539 3511 Μ’.
1570 3450 1808 3528 Lepido,
1844 3451 1934 3510 cui
1964 3467 2064 3509 eax
