2475 4000
705 212 914 259 LIBER
942 213 1042 259 111.
1077 212 1227 263 oAP.
1252 212 1491 266 53—56.
1988 204 2105 267 103

119 365 431 444 sumptibus
463 365 707 425 exerciti
736 365 1006 443 paulatim
1039 366 1377 425 exolevere.
1442 385 1646 428 causas
1686 370 1811 429 eius
1842 374 2104 432 mutatio·

120 451 202 508 nis
234 468 516 528 quaerere
549 449 710 509 libet.
768 449 917 508 dites
958 449 1094 511 olim
1140 450 1393 509 familiae
1433 450 1706 511 nobilium
1749 464 1846 513 aut
1876 455 2147 517 clarita-⁵

121 534 245 593 dine
275 534 531 609 insignes
569 532 754 592 studio
789 532 1247 609 magnificentiae
1277 533 1746 611 prolabebantur.
1785 556 1911 597 nam
1937 542 2105 599 etiam

119 626 229 675 tum
260 617 494 695 plebem
538 618 736 676 socios
779 635 960 693 regna
1002 616 1203 677 colere
1237 627 1295 676 et
1331 614 1446 677 coli
1476 618 1719 687 licitum;
1767 629 1827 679 ut
1862 624 2104 703 quisque

119 701 324 778 opibus
359 701 529 761 domo
572 710 774 778 paratu
817 702 1156 778 speciosus,
1196 719 1306 779 per
1345 718 1553 760 nomen
1596 712 1655 761 et
1696 702 1993 765 clientelas
2023 709 2103 767 in-

117 785 348 844 lustrior
391 784 728 845 habebatur.
787 793 1094 862 postquam
1136 785 1410 845 caedibus
1471 787 1751 845 saevitum
1798 796 1855 845 et
1894 791 2103 865 magni-

118 869 248 929 tudo
280 869 467 929 famae
505 870 680 928 exitio
708 878 866 944 erat,
898 870 1079 928 ceteri
1111 868 1182 929 ad
1213 869 1567 948 sapientiora
1602 879 1966 930 convertere.
2029 874 2101 933 si·
2124 883 2175 923 10

115 953 224 1011 mul
267 952 402 1011 novi
443 953 703 1012 homines
747 970 782 1011 e
811 952 1132 1031 municipiis
1176 961 1233 1011 et
1271 953 1515 1012 coloniis
1548 962 1721 1031 atque
1762 955 1931 1015 etiam
1971 973 2105 1032 pro-

117 1037 316 1094 vinciis
346 1036 403 1093 in
435 1044 694 1095 senatum
737 1036 946 1095 crebro
982 1036 1265 1113 adsumpti
1304 1036 1677 1097 domesticam
1708 1038 2109 1115 parsimoniam

116 1119 455 1195 intulerunt,
503 1129 562 1179 et
606 1138 945 1198 quamquam
984 1119 1211 1179 fortuna
1252 1120 1351 1178 vel
1392 1120 1665 1180 industria
1706 1121 1973 1200 plerique
2006 1140 2107 1201 pe-

115 1204 407 1263 cuniosam
438 1203 509 1263 ad
538 1212 834 1263 senectam
864 1205 1268 1282 pervenirent,
1312 1204 1515 1263 mansit
1558 1213 1747 1263 tamen
1790 1207 1950 1281 prior
1992 1207 2107 1266 ani·

113 1304 253 1347 mus.
311 1287 416 1346 sed
447 1288 793 1364 praecipuus
825 1287 1085 1347 adstricti
1113 1288 1289 1345 moris
1321 1296 1523 1347 auctor
1548 1286 1939 1365 Vespasianus
1982 1289 2106 1364 fuit,
2128 1298 2176 1337 1⁵

113 1371 348 1450 antiquo
378 1370 506 1448 ipse
539 1371 696 1429 cultu
719 1373 1010 1449 victuque.
1079 1370 1421 1449 obsequium
1451 1370 1582 1429 inde
1611 1372 1669 1429 in
1705 1373 2020 1451 principem
2052 1382 2112 1432 et

111 1453 432 1514 aemulandi
475 1472 636 1514 amor
672 1454 917 1513 validior
958 1471 1126 1532 quam
1175 1464 1368 1532 poena’
1408 1473 1483 1515 ex
1528 1454 1758 1530 legibus
1803 1465 1861 1515 et
1902 1465 2110 1515 metus.

103 1538 219 1596 'nisi
252 1538 407 1597 forte
442 1538 620 1601 rebus
654 1528 1058 1597 cunctis‘inest
1089 1537 1316 1615 quidam
1341 1538 1501 1598 velut
1524 1538 1704 1612 orbis,
1740 1548 1800 1599 ut
1836 1557 2005 1617 quem
2040 1539 2110 1600 ad

109 1622 339 1683 modum
387 1631 712 1701 temporum
752 1622 950 1697 viceS‚
996 1622 1074 1681 ita
1122 1638 1343 1681 morum
1392 1631 1686 1681 vertantur
1702 1644 1717 1691 ;
1771 1641 1881 1681 nec
1924 1624 2110 1683 omnia

111 1706 265 1783 apud
297 1708 527 1783 priores
558 1706 834 1782 meliora,
879 1705 984 1765 sed
1028 1715 1222 1768 nostra
1254 1722 1485 1785 quoque
1522 1715 1683 1765 aetas
1721 1707 1893 1766 multa
1928 1706 2108 1767 laudis
2128 1717 2179 1757 2⁰

109 1799 167 1847 et
211 1791 413 1848 artium
458 1789 725 1849 imitanda
766 1791 1020 1867 posteris
1063 1790 1208 1849 tulit.
1280 1808 1478 1850 verum
1519 1790 1667 1848 haec
1709 1790 1876 1849 nobis
1906 1790 1971 1851 in
1996 1807 2109 1851 ma-

109 1874 270 1931 iores
303 1876 616 1934 certamina
653 1892 729 1933 ex
759 1874 1007 1946 honesto
1038 1881 1323 1932 maneant.

233 1958 336 2020 56.
391 1957 658 2019 Tiberius
699 1956 848 2020 fama
893 1957 1309 2017 moderationis
1352 1962 1549 2033 parta,
1605 1953 1758 2031 quod
1799 1956 2113 2032 ingruentis

105 2052 493 2102 accusatores
536 2051 940 2120 represserat,
981 2042 1148 2100 mittit
1180 2041 1379 2099 literas
1413 2037 1482 2098 ad
1516 2045 1805 2113 senatum,
1851 2041 1976 2117 quis
2008 2058 2111 2117 po-

101 2132 384 2184 testatem
411 2125 772 2186 tribuniciam
802 2125 994 2184 Druso
1028 2124 1287 2201 petebat.
1354 2122 1410 2183 id
1452 2121 1650 2180 summi
1692 2121 1908 2198 fastigii
1936 2139 2109 2183 voca-

99 2207 310 2268 bulum
341 2206 634 2283 Augustus
670 2210 964 2286 repperit,
1007 2224 1080 2266 ne
1118 2208 1277 2284 regis
1316 2214 1411 2265 aut
1452 2205 1747 2265 dictatoris
1778 2217 1987 2265 nomen
2015 2207 2112 2267 ad-

101 2299 375 2349 sumeret
407 2307 477 2348 ac
507 2298 696 2350 tamen
726 2290 1122 2369 appellatione
1159 2290 1353 2368 aliqua
1382 2298 1579 2349 cetera
1602 2291 1843 2366 imperia
1870 2291 2109 2367 praemi-
2131 2305 2157 2343 ⁵

99 2381 302 2433 neret.
363 2371 617 2432 Marcum
653 2373 860 2434 deinde
890 2373 1210 2451 Agrippam
1241 2375 1462 2434 socium
1488 2375 1612 2432 eius
1636 2375 1964 2450 potestatiS,
1996 2392 2112 2452 quo

105 2456 389 2518 defuncto
426 2455 717 2517 Tiberium
750 2457 1042 2517 Neronem
1073 2457 1313 2536 delegit,
1358 2477 1430 2518 ne
1462 2473 1773 2516 successor
1804 2458 1859 2515 in
1890 2458 2112 2517 incerto

108 2543 289 2602 foret.
357 2542 443 2600 sic
487 2541 749 2600 cohiberi
795 2559 1004 2620 pravas
1039 2541 1282 2603 aliorum
1325 2560 1463 2620 spes
1492 2539 1756 2609 rebatur;
1798 2540 1963 2599 simul
1993 2558 2112 2599 mo·

109 2625 339 2684 destiae
371 2623 620 2684 Neronis
651 2633 710 2686 et
743 2644 884 2686 suae
915 2625 1285 2703 magnitudini
1318 2624 1549 2686 fidebat.
1609 2641 1722 2701 quo
1753 2633 1888 2682 tunc
1920 2642 2112 2683 exem-

107 2708 214 2786 plo
251 2706 518 2769 Tiberius
540 2709 789 2768 Drusum
811 2727 1064 2770 summae
1093 2712 1178 2771 rei
1207 2709 1479 2784 admovit,
1512 2725 1639 2768 cum
1668 2707 1939 2767 incolumi
1966 2705 2106 2768 Ger·
2132 2718 2181 2758 1⁰

107 2793 340 2852 manico
381 2794 668 2869 integrum
716 2794 866 2852 inter
908 2794 1054 2853 duos
1095 2795 1364 2854 iudicium
1402 2793 1700 2851 tenuisset.
1756 2791 1861 2851 sed
1905 2793 2111 2870 princi·

109 2876 209 2954 pio
256 2876 549 2935 literarum
591 2876 1121 2952 veneratus,deos,
1170 2887 1230 2937 ut
1276 2877 1517 2936 consilia
1561 2893 1665 2935 sua
1710 2876 1797 2934 rei
1840 2875 2111 2953 publicae

110 2969 564 3037 prosperarent,
607 2961 835 3021 modica
878 2960 952 3020 de
983 2960 1236 3020 moribus
1266 2959 1654 3019 adulescentis
1686 2977 1876 3037 neque
1920 2961 1978 3017 in
2007 2957 2111 3018 fal·

107 3061 239 3102 sum
281 3051 447 3104 aucta
487 3045 727 3105 rettulit.
797 3062 931 3104 esse
971 3043 1055 3102 illi
1099 3044 1404 3119 coniugem
1436 3053 1493 3103 et
1536 3052 1657 3102 tres
1706 3043 1926 3102 liberos
1959 3059 2111 3101 eam·

109 3144 228 3204 que
259 3136 528 3204 aetatem,
568 3147 678 3207 qua
708 3129 838 3207 ipse
869 3127 1153 3206 quondam
1177 3146 1208 3187 a
1239 3128 1372 3187 divo
1403 3126 1665 3203 Augusto
1698 3127 1769 3186 ad
1798 3137 2179 3204 capessent-1⁵

112 3209 248 3268 dum
287 3209 401 3270 hoc
439 3230 642 3275 munus
688 3221 931 3274 vocatus
981 3212 1072 3270 sit.
1139 3228 1331 3289 neque
1364 3228 1513 3269 nunc
1544 3227 1835 3288 propere,
1867 3209 1971 3269 sed
2006 3226 2114 3288 per

109 3303 253 3353 octo
287 3311 466 3355 annos
491 3305 664 3375 capto
689 3297 1111 3375 experimento,
1145 3295 1499 3372 compressis
1523 3291 1924 3368 seditionibus,
1958 3293 2113 3352 com-⁵

108 3378 324 3453 positis
347 3376 555 3455 bellis,
600 3378 1002 3459 triumphalem
1045 3388 1102 3440 et
1134 3377 1223 3438 bis
1257 3377 1555 3438 consulem
1587 3377 1707 3436 noti
1736 3374 1953 3436 laboris
1982 3393 2113 3456 par-

108 3460 357 3540 ticipem
386 3465 548 3524 sumi.
