2475 4000
572 236 576 240 ·
704 224 912 271 mmm
939 224 1014 273 11.
1061 224 1210 272 cAP.
1245 221 1495 303 11-16
1572 182 1589 189 ”
2008 212 2090 273 47

31 418 47 425 -
94 380 384 442 clu-iorem
425 378 592 439 aliam
641 377 898 439 manibus
940 379 1102 439 aviae
1146 378 1448 452 Augustae
1491 379 1812 455 accepisse.
1848 364 1863 381 ⁸
1891 388 2092 441 auctus

95 466 321 539 omine,
365 461 762 523 addicentibus
791 464 1096 541 auspiciis,
1139 470 1315 520 vocat
1352 462 1677 521 contionem
1712 472 1771 521 et
1808 482 1955 542 quae
2002 454 2090 523 s'a-

93 549 314 629 pientia
346 547 580 626 provisa
612 556 862 625 aptaque
887 547 1180 605 inminenti
1223 562 1453 623 pugnae
1496 544 1744 604 disserit.
1800 564 1912 606 11011
1942 564 2091 609 cam·
2111 567 2139 607 ⁵

93 650 204 712 pos
269 629 442 690 modo
485 628 646 691 militi
686 630 948 691 Romano
995 629 1064 690 ad
1111 629 1396 708 proelium
1432 628 1653 704 bonos,
1708 628 1812 688 sed
1855 632 1904 689 si
1945 632 2091 691 ratio

95 716 276 791 adsit,
325 713 502 774 silvas
543 722 602 773 01
645 714 851 783 saltus;
901 731 1012 773 nec
1045 717 1194 773 enim
1226 714 1481 773 inmensa
1510 711 1883 787 barbarorum
1914 724 2093 790 scuta,

96 800 350 870 enormis
378 798 574 857 hastas
599 799 754 861 inter
782 807 1020 858 truncos
1056 797 1327 857 arborum
1356 806 1413 856 et
1445 805 1612 857 enata
1646 795 1817 855 humo
1849 798 2095 873 virgulta

93 882 336 963 perinde
389 882 589 942 haberi
617 886 840 959 'quam·
872 881 988 960 pila
1040 890 1100 942 et
1140 880 1369 959 gladios
1410 890 1468 940 et
1514 880 1812 940 haerentia
1861 882 2095 959 corpori
2172 956 2183 963 Δ

92 968 366 1043 tegmina.
436 966 744 1026 denserent
785 965 959 1042 ictus,
1005 983 1111 1025 ora
1148 964 1515 1025 mucronibus
1558 973 1936 1043 quaererent:
1980 982 2096 1023 non
2116 990 2167 1033 ιο

91 1052 332 1111 loricam
363 1048 680 1135 Germano,
720 1065 834 1108 non
872 1049 1132 1127 galeam,
1177 1066 1253 1108 ne
1298 1057 1459 1108 scuta
1503 1048 1730 1126 quidem
1772 1047 1933 1108 ferro
1966 1066 2095 1108 ner·

90 1152 246 1195 vove
279 1135 534 1210 firmata,
573 1133 678 1196 sed
700 1134 966 1193 viminum
989 1142 1182 1193 textus
1207 1132 1305 1192 vel
1338 1133 1525 1192 tenuis
1556 1140 1615 1191 et
1644 1131 1867 1192 fucatas
1894 1132 2097 1193 colore

90 1219 349 1286 tabulas3
382 1219 617 1296 primam
651 1226 958 1295 utcumque
988 1218 1172 1277 aciem
1213 1216 1527 1292 hastatum,
1572 1217 1785 1275 ceteris
1825 1225 2099 1294 praeusta

89 1312 184 1363 aut
211 1302 414 1361 brevia
443 1301 580 1361 tela.
641 1304 754 1363 iam
787 1318 1002 1380 corpus
1027 1310 1090 1361 ut
1117 1303 1245 1360 visu
1279 1310 1503 1361 torvum
1533 1308 1591 1359 et
1622 1300 1693 1359 ad
1725 1299 1964 1360 brevem
1994 1301 2093 1358 im-

88 1397 287 1466 petum
329 1385 609 1462 validum,
649 1386 735 1444 sic
773 1384 930 1446 nulla
969 1384 1271 1445 vulnerum
1325 1385 1629 1463 patientia:
1684 1386 1811 1445 sine
1870 1384 2091 1463 pudore
2114 1402 2164 1444 15

88 1470 326 1547 flagitii,
383 1470 506 1529 sine
550 1487 686 1529 cura
729 1468 936 1528 ducum
979 1468 1173 1547 abire,
1228 1469 1469 1546 fugere,
1524 1466 1769 1547 pavidos
1810 1468 2095 1544 adversis,

89 1557 242 1614 10101·
273 1553 526 1614 secunda
555 1570 670 1615 non
703 1552 908 1630 divini,
951 1570 1067 1613 non
1095 1552 1323 1613 humani
1350 1554 1489 1626 iuris
1518 1570 1825 1612 memores.
1896 1552 1953 1612 si'
1976 1561 2095 1611 tae-

89 1640 188 1699 dio
224 1640 436 1697 viarum
471 1656 540 1698 ac
571 1638 742 1697 maris
771 1638 943 1697 finem
975 1639 1236 1716 cupiant,
1284 1636 1395 1696 hac
1426 1638 1553 1696 acie
1587 1638 1810 1715 parari:
1858 1637 2096 1716 propio-

87 1742 213 1782 rem
258 1724 374 1781 iam'
400 1722 591 1783 Albim
625 1740 794 1801 quam
823 1722 1085 1782 Rhenum
1112 1738 1305 1800 neque
1334 1720 1551 1781 bellum
1584 1721 1766 1795 ultra,
1802 1720 1976 1780 modo
2008 1737 2095 1794 se,

88 1808 269 1887 patris
297 1808 602 1885 patruique
629 1807 876 1884 vestigia
903 1815 1293 1889 prementem,
1322 1805 1505 1865 isdem
1526 1806 1584 1862 in
1614 1806 1783 1863 terris
1815 1806 2095 1865 victorem
2114 1821 2168 1863 20

87 1895 382 1952 sisterent.
1123 1927 1132 1943 .
1518 1905 1529 1917 ·
1976 1938 1979 1943 ,

221 1976 317 2036 15.
365 1974 696 2037 Orationem
737 1975 904 2036 ducis
949 1984 1186 2036 secutus
1229 1971 1467 2032 militum
1508 1968 1713 2045 ardor,
1750 1970 2097 2048 signumque
2160 1999 2166 2018 .

81 2077 324 2142 pugnae
355 2060 559 2120 datum.
633 2079 746 2121 nec
776 2059 1066 2120 Arminius
1105 2067 1202 2118 aut
1232 2055 1417 2115 ceteri
1448 2052 1859 2115 Germanorum
1889 2071 2097 2133 proce-

77 2163 189 2206 res
232 2142 564 2202 omittebant
605 2161 744 2203 suos
785 2145 1032 2222 quisque
1075 2141 1309 2216 testari,
1353 2139 1461 2198 hos
1491 2155 1629 2198 esse
1658 2137 1954 2198 Romanos
1982 2137 2096 2198 Va-

75 2226 240 2289 riani
271 2226 560 2284 exercitus
589 2226 1024 2304 fugacissimos,
1069 2227 1166 2304 qui
1196 2240 1273 2282 ne
1302 2222 1516 2282 bellum
1549 2222 1900 2299 tolerarent,
1946 2221 2096 2282 sedi-

75 2313 308 2372 tionem
337 2305 651 2378 induci-iun
686 2326 924 2387 quorum
955 2327 1092 2388 pars
1131 2316 1336 2368 onusta
1369 2307 1701 2371 vulneribus
1729 2315 1926 2384 terga,
1960 2324 2095 2386 pars
2117 2320 2145 2360 s

80 2391 360 2456 fluctibus
402 2400 460 2450 01
512 2392 793 2469 procellis
834 2393 1060 2454 fractos
1099 2400 1259 2453 artus
1288 2391 1527 2452 infensis
1558 2408 1780 2452 rursum
1808 2389 2095 2467 hostibus,

83 2476 357 2538 adversis
377 2474 467 2536 dis
499 2474 784 2552 obiciant,
815 2477 970 2538 nulla
999 2476 1140 2538 boni
1169 2494 1298 2556 spe.
1358 2476 1607 2536 classem
1639 2477 1853 2554 quippe
1883 2484 1942 2533 et
1971 2475 2097 2534 avia
2164 2517 2173 2522 -

85 2563 315 2622 Oceani
360 2561 649 2639 quaesita,
695 2578 770 2619 110
812 2562 938 2640 quis
981 2560 1343 2622 venientibus
1372 2567 1739 2634 occurreret,
1790 2573 1865 2616 00
1898 2557 2097 2636 pulsos

85 2654 417 2727 premeret:
462 2643 566 2705 sed
609 2643 706 2704 ubi
751 2647 1082 2706 miscuerint
1108 2663 1339 2721 manus,
1383 2646 1553 2705 inane
1597 2644 1766 2703 victis
1794 2650 2099 2702 ventorum

82 2746 458 2790 remorumve
491 2727 820 2798 subsidium.
882 2732 1273 2792 meminissent
1304 2729 1479 2788 modo
1519 2729 1826 2802 avaritiae,
1852 2725 2095 2785 crudeli·
2116 2746 2167 2788 1⁰

83 2816 261 2889 tatis,
307 2812 645 2893 superbiae:
693 2812 847 2874 aliud
878 2813 987 2874 sibi
1020 2814 1303 2893 reliquum
1335 2829 1500 2891 quam
1529 2820 1733 2871 tenere
1773 2809 2097 2870 libertatem

86 2905 188 2958 aut
223 2898 368 2957 mori
397 2909 532 2962 ante
559 2894 895 2958 servitium?
1954 2958 1959 2963 ,

223 2981 318 3042 16.
365 2983 464 3042 Sic
503 2997 791 3042 accensos
819 2989 879 3040 01
920 2980 1204 3060 proelium
1234 2988 1550 3060 poscentes
1579 2982 1635 3039 iu
1666 2995 1961 3057 campum,
2006 2977 2097 3036 cui

87 3065 397 3126 ldisiaviso
427 3082 637 3125 nomen
655 3110 673 3142 ‚
705 3064 1012 3126 deducunt.
1071 3065 1120 3123 is
1149 3065 1371 3124 medius
1401 3065 1549 3123 inter
1567 3065 1860 3140 Visurgim
1896 3070 1953 3121 01
1976 3060 2095 3121 col-

88 3152 210 3225 les,
253 3158 314 3208 ut
353 3152 516 3228 ripae
561 3149 806 3211 fluminis
851 3148 1061 3209 cedunt
1101 3157 1198 3208 aut
1243 3149 1624 3228 prominentia
1653 3146 2094 3238 1000110101οε1-

87 3241 274 3309 stunt,
316 3233 693 3312 inaequaliter
733 3235 1005 3296 sinuatur.
1087 3250 1241 3311 pone
1283 3240 1511 3308 tergum
1555 3229 1891 3306 insurgebat
1926 3228 2093 3304 silva,

89 3317 262 3377 editis
307 3319 367 3376 in
406 3318 580 3378 altum
637 3319 810 3378 ramis
856 3327 914 3378 et
951 3335 1093 3396 pura
1136 3317 1307 3376 humo
1356 3317 1503 3374 inter
1541 3313 1808 3375 arborum
1840 3323 2093 3374 truncos.
2114 3331 2143 3374 ε

91 3411 356 3480 campum
409 3411 468 3461 et
508 3404 688 3480 prima
729 3404 1001 3463 silvarum
1043 3401 1291 3462 barbara
1330 3402 1490 3461 acies
1536 3399 1745 3459 tenuit:
1791 3398 1902 3459 soli
1946 3396 2091 3471 0110-

87 3487 247 3544 rusci
292 3487 428 3562 iuga
469 3487 768 3564 insedere,
823 3495 884 3547 ut
930 3485 1347 3566 proeliantibus
1390 3483 1665 3546 Romanis
1707 3483 1957 3564 desuper
2008 3483 2093 3542 in-
