2475 4000
685 203 895 248 Lmen
925 189 1076 250 xm.
1111 203 1263 250 OAP.
1302 201 1539 255 16—19.
1984 191 2109 254 233

128 355 356 416 defuere
398 357 496 435 qui
538 364 850 432 arguerent
869 357 1048 415 -viros
1087 357 1432 431 gravitatem
1464 355 1906 434 adseverantes,
1956 359 2110 436 quod

127 439 321 499 domos
349 439 520 499 villas
550 439 608 498 id
637 441 916 517 temporis
961 440 1124 516 quasi
1155 438 1430 516 praedam
1464 440 1811 512 divisissent.
1870 442 1965 501 alii
2006 461 2107 502 ne-

126 525 450 582 cessitatem
482 522 790 582 adhibitam
825 521 1140 581 credebant
1169 540 1202 582 a
1231 525 1516 600 principe,
1550 524 1793 582 sceleris
1826 524 1945 584 sibi·
1970 542 2106 584 con-

121 608 238 666 scio
269 615 328 668 et
355 607 580 666 veniam
612 614 917 684 sperante,
961 607 1012 664 si
1042 604 1441 680 largitionibus
1469 605 1877 665 validissimum
1911 625 2102 686 quem·
2130 630 2157 668 5

119 708 226 768 que
257 689 683 750 obstrinxisset.
741 698 800 748 at
825 689 1024 746 matris
1053 689 1139 745 ira
1168 687 1325 748 nulla
1354 690 1737 748 munificentia
1766 689 1965 767 leniri,
1983 693 2111 751 ‘sed

116 773 386 848 amplecti
417 765 736 847 Octaviam,
775 771 984 830 crebra
1016 788 1143 829 cum
1169 771 1369 828 amicis
1398 781 1630 830 secreta
1659 771 1901 848 hahere,
1934 791 2110 850 super

112 855 420 930 ingenitam
445 855 737 912 avaritiam
763 854 1016 930 undique
1045 855 1323 930 pecunias
1356 855 1519 931 quasi
1549 855 1605 911 in
1636 853 1952 913 subsidium
1984 873 2107 916 cor-

109 939 347 1015 ripiens,
377 936 728 994 tribunos-et
758 937 1130 995 centuriones
1163 937 1407 996 comiter
1438 939 1752 1016 excipere,
1797 939 2022 1006 nomina
2054 949 2111 998 et

107 1022 350 1080 virtutes
383 1019 694 1096 nobilium,
746 1021 841 1096 qui
875 1020 1043 1082 etiam
1074 1027 1189 1078 tum
1229 1029 1603 1098 supererant,
1645 1022 1703 1079 in
1746 1020 1969 1080 honore
2008 1021 2105 1080 ha·
2130 1050 2182 1089 10

106 1104 266 1181 bere,
299 1105 467 1183 quasi
500 1112 810 1181 quaereret
845 1103 1048 1162 ducem
1079 1111 1140 1160 et
1170 1111 1386 1180 partes.
1456 1105 1750 1181 cognitum
1776 1104 1835 1163 id
1866 1104 2107 1180 Neroni,

106 1188 508 1266 excubiasque
537 1187 837 1262 militares,
874 1204 1022 1264 quae
1053 1194 1114 1244 ut
1144 1187 1378 1263 coniugi
1409 1189 1775 1265 imperatoris
1808 1187 1961 1264 olim,
1994 1197 2109 1248 tum

103 1282 160 1331 ut
204 1274 375 1334 matri
420 1270 833 1347 serva-bantur,
881 1279 940 1328 et
979 1268 1298 1330 Germanos
1332 1289 1519 1351 nuper
1550 1272 1791 1331 eundem
1822 1272 1887 1332 in
1926 1273 2106 1333 hono-

98 1375 221 1416 rem
255 1354 534 1416 custodes
568 1354 793 1415 additos
823 1353 1066 1430 degredi
1099 1353 1276 1412 iubet.
1306 1367 1404 1415 *ac
1434 1373 1510 1414 ne
1544 1363 1717 1415 coetu
1748 1356 2109 1416 salutantium

97 1441 598 1519 frequentaretur,
641 1448 879 1516 separat
920 1437 1146 1497 domum
1187 1447 1543 1518 matremque
1576 1440 1851 1500 transfert
1892 1443 1951 1500 in
1983 1457 2109 1500 eam
2128 1463 2181 1502 ιε

100 1542 250 1603 quae
283 1524 574 1584 Antoniae
602 1522 827 1598 fuerat,
873 1523 1138 1600 quotiens
1167 1522 1297 1600 ipse
1324 1522 1465 1582 illuc
1490 1525 1833 1602 ventitaret,
1865 1533 2107 1603 ,saeptus

95 1609 262 1669 turba
300 1608 701 1668 centurionum
733 1615 790 1666 et
817 1615 954 1684 post
981 1606 1164 1668 breve
1195 1607 1457 1667 osculum
1489 1607 1841 1686 digrediens.

221 1687 323 1754 192
369 1690 524 1751 Nihil
569 1709 759 1751 rerum
799 1689 1122 1751 mortalium
1167 1699 1281 1750 tam
1324 1689 1591 1752 instabile
1646 1711 1715 1754 ac
1764 1693 1976 1753 fluxum
2020 1699 2110 1751 est

95 1795 269 1855 quam
302 1776 452 1836 fama
485 1777 780 1853 potentiae
808 1791 926 1834 non
958 1793 1060 1835 sua
1083 1776 1141 1834 vi
1171 1776 1361 1835 nixae.
1398 1777 1584 1836 statim
1606 1776 1870 1836 relictum
1892 1777 2107 1854 Agrip-

95 1863 270 1939 pinae
305 1860 508 1920 limen:
543 1877 713 1920 nemo
745 1858 952 1936 solari,
1001 1873 1173 1918 nemo
1216 1859 1377 1918 adIre
1416 1867 1653 1936 praeter
1695 1877 1913 1936 paucas
1943 1860 2106 1921 femi·

37 1945 39 1948 ⁴
87 1961 234 2019 nas,
283 1961 482 2005 amore
524 1962 594 2005 an
640 1943 773 2005 odio
825 1944 1098 2004 incertas.
1163 1960 1239 2001 ex
1283 1941 1489 2021 quibus
1534 1949 1658 2001 erat
1698 1941 1857 2001 Iunia
1892 1942 2107 2018 Silana,

87 2046 270 2108 quam
307 2029 670 2089 matrimonio
706 2027 772 2089 C.
808 2028 912 2087 Sili
943 2044 976 2087 a
1002 2026 1317 2087 Messalina
1348 2025 1651 2103 depulsam
1682 2042 1859 2105 supra
1888 2024 2106 2101 rettuli,
2132 2042 2158 2079 5

79 2112 348 2189 insignis
392 2130 614 2187 genere
651 2111 838 2171 forma
881 2110 1150 2185 lascivia,
1198 2118 1260 2168 et
1300 2110 1661 2187 Agrippi-nae
1705 2108 1800 2169 diu
1840 2127 2107 2187 percara,

75 2213 231 2257 mox
266 2194 522 2253 occultis
547 2197 830 2253 inter'eas
861 2192 1299 2268 offensionibus,
1336 2193 1467 2272 quia
1490 2194 1748 2255 Sextium
1773 2194 2109 2255 Africanum

75 2277 403 2341 nobilem
386 2295 650 2337 iuvenem
677 2296 708 2337 a
739 2279 952 2356 nuptiis
981 2276 1214 2337 Silanae
1246 2277 1609 2339 deterruerat
1635 2279 1995 2357 Agrippina,
2027 2280 2107 2338 in-

77 2362 371 2445 pudicam
423 2370 482 2420 et
529 2370 870 2438 vergentem
922 2364 1082 2421 annis
1131 2361 1427 2440 dictitans,
1496 2380 1613 2423 non
1666 2373 1727 2423 ut
1775 2363 2109 2423 Africanum
2160 2370 2165 2375 “

80 2449 196 2509 sibi
235 2452 580 2523 seponeret,
611 2445 717 2504 sed
749 2463 822 2505 ne
855 2444 1065 2525 opibus
1105 2455 1165 2506 et
1193 2446 1443 2507 orbitate
1472 2447 1705 2508 Silanae
1737 2448 1971 2506 maritus
2001 2458 2183 2523 po-10

77 2540 342 2594 teretur.
401 2529 500 2589 illa
541 2547 650 2608 spe
687 2529 922 2589 ultionis
963 2528 1156 2590 oblata
1192 2540 1371 2609 parat
1396 2540 1773 2591 accusatores
1816 2548 1891 2589 ex
1932 2529 2107 2613 clien-

79 2618 248 2677 tibus
302 2615 452 2690 suiS,
493 2612 730 2673 Iturium
770 2623 831 2673 et
867 2612 1211 2690 Calvisium,
1261 2632 1375 2674 non
1404 2624 1607 2675 vetera
1638 2623 1697 2676 et
1725 2615 1963 2692 saepius
1999 2614 2109 2673 iam

79 2701 292 2762 audita
327 2697 646 2798 deferens,
691 2696 848 2775 quod
888 2698 1202 2759 Britannici
1241 2707 1485 2761 mortem
1532 2700 1765 2775 lugeret
1804 2706 1899 2758 aut
1938 2697 2107 2757 Octa-

77 2788 222 2845 viae
255 2784 499 2842 iniurias
537 2781 860 2858 evulgaret,
893 2781 998 2841 sed
1027 2781 1411 2844 destinavisse
1442 2801 1569 2843 eam
1590 2782 1919 2844 Rubellium
1943 2781 2107 2841 Plau·

78 2878 245 2945 tum,
305 2884 416 2944 per
456 2873 772 2925 maternam
820 2867 1105 2942 originem
1153 2868 1280 2944 pari
1333 2886 1401 2928 ac
1437 2866 1599 2927 Nero
1640 2868 1825 2945 gradu
1880 2884 1913 2927 a
1971 2864 2107 2926 divo
2131 2870 2183 2911 1⁵

77 2954 427 3043 Augusto,
465 2949 538 3010 ad
575 2967 674 3009 res
725 2966 908 3009 novas
946 2950 1234 3010 extollere
1284 2953 1671 3030 coniugioque
1722 2950 1847 3011 eius
1896 2959 1955 3010 et
2000 2951 2111 3009 iam

78 3026 348 3137 imperio
384 3050 508 3093 rem
553 3033 839 3112 publicam
876 3050 1074 3093 rursus
1108 3034 1401 3094 invadere.
1460 3035 1609 3095 haec
1636 3034 1845 3095 Iturius
1890 3043 1948 3093 et
1978 3030 2109 3093 Cal-

75 3124 281 3180 visius
317 3118 606 3195 Atimeto,
659 3117 946 3177 Domitiae
988 3116 1239 3178 Neronis
1282 3120 1486 3178 amitae
1528 3119 1773 3195 libert0,
1829 3119 2107 3197 aperiunt.

38 3206 187 3327 Ιμιιιί
228 3204 426 3264 laetus
463 3201 676 3262 oblatis
707 3202 960 3281 (quippe
994 3202 1143 3261 inter
1183 3201 1567 3281 Agrippinam
1596 3210 1653 3263 et
1682 3202 1987 3263 Domitiam
2030 3202 2109 3260 in·

38 3250 266 3351 sensa
313 3286 620 3347 aemulatio
669 3283 1086 3363 exercebatur)
1131 3286 1397 3346 Paridem
1433 3286 1801 3363 histrionem,
1844 3285 2108 3346 libertum
2128 3292 2186 3333 ²⁰

36 3357 143 3433 et
179 3374 384 3451 ipsum
410 3370 730 3447 Domitiae,
771 3369 992 3447 impulit
1037 3370 1122 3429 ire
1164 3385 1425 3449 propere
1458 3373 1793 3450 crimenque
1838 3371 2112 3431 atrociter

75 3455 361 3519 deferre.
