2475 4000
761 236 970 281 LIBER
998 236 1091 281 1v.
1141 235 1287 282 GAP.
1321 233 1577 287 40—43.
2044 224 2159 286 133
2206 267 2216 276 .

187 387 536 467 sublatisque
591 387 850 447 inanibus
908 403 1046 447 vera
1098 389 1351 466 potentia
1400 390 1617 463 augeri.
1678 390 1849 465 igitur
1894 391 2181 468 paulatim.

184 473 415 549 negotia
443 470 628 547 urbis,
662 471 860 550 populi
900 471 1205 548 adcursuS,
1249 470 1653 530 multitudinem
1682 472 2041 533 adfluentium
2077 476 2159 531 in-

186 564 406 634 crepat,
443 554 730 614 extollens
755 552 1014 614 laudibus
1037 557 1286 632 quietem
1310 563 1367 613 et
1390 553 1768 630 solitudinem,
1808 558 1929 633 quis
1952 557 2160 615 abesse

185 639 371 699 taedia
402 648 459 697 et
490 638 846 697 offensiones
879 656 948 697 ac
981 640 1297 717 praecipua
1327 654 1513 697 rerum
1548 637 1786 697 maxime
1814 642 2035 715 agitari.

287 722 404 781 42.
460 722 550 781 Ac
590 722 740 780 forte
781 720 972 781 habita
1013 740 1119 800 per
1163 721 1296 782 illos
1328 722 1451 780 dies
1481 720 1553 779 de
1588 723 1837 781 Votieno
1867 723 2159 800 Montano,

184 804 433 865 celebris
463 805 679 882 ingenii
706 806 867 880 viro,
900 806 1154 881 cognitio
1191 814 1548 864 cunctantem
1577 806 1685 865 iam
1716 802 2001 863 Tiberium
2033 824 2161 883 per-

181 889 321 969 pulit
343 898 407 947 ut
427 888 692 949 vitandos
726 888 990 948 crederet
1021 897 1243 966 patrum
1274 898 1473 948 coetus
1503 905 1832 966 vocesque,
1865 905 2011 965 quae
2044 888 2160 965 ple—

176 991 418 1051 rumque
455 990 629 1031 verae
663 981 720 1030 et
753 990 965 1047 graves
997 989 1188 1033 coram
1219 971 1645 1047 ingerebantur.
1698 990 1826 1031 nam
1873 970 2161 1049 postulato

177 1055 541 1117 Votienoob
575 1055 946 1115 contumelias
983 1057 1040 1113 in
1086 1052 1396 1115 Gaesarem
1425 1055 1638 1132 dictaS,
1681 1058 1843 1115 testis
1885 1054 2205 1115 Aemilius5

178 1159 208 1199 e
233 1139 578 1199 militaribus
608 1136 747 1197 viris
773 1139 900 1197 dum
935 1138 1119 1197 studio
1135 1137 1431 1217 ‘probandi
1465 1148 1668 1214 cuncta
1690 1139 1871 1197 refert
1892 1147 1950 1197 et
1973 1156 2159 1218 quam·

179 1242 341 1301 quam
374 1225 525 1282 inter
554 1222 962 1301 obstrepentes
991 1240 1196 1297 magna
1228 1221 1667 1281 adseveratione
1702 1224 1920 1298 nititur,
1951 1220 2163 1280 audivit

177 1307 444 1367 Tiberius
477 1305 689 1385 probra
719 1308 846 1383 quis
881 1323 989 1384 per
1014 1305 1299 1365 occultum
1329 1305 1706 1382 lacerabatur,
1741 1304 2003 1382 adeoque
2034 1321 2161 1382 per—

179 1391 374 1451 culsus
409 1398 515 1465 est,
543 1400 602 1448 ut
637 1407 699 1447 se
731 1388 825 1447 vel
859 1390 1046 1448 statim
1073 1387 1169 1447 vel
1193 1389 1250 1446 in
1282 1390 1612 1464 cognitione
1643 1396 2012 1466 purgaturum
2042 1385 2159 1445 cla-

178 1476 404 1534 mitaret
446 1472 830 1550 precibusque
866 1471 1298 1551 proximorum,
1330 1471 1653 1531 adulatione
1696 1472 1938 1531 omnium
1982 1487 2230 1545 aegrem

182 1564 563 1635 componeret
605 1559 864 1616 animum.
920 1564 978 1613 et
1018 1558 1301 1615 Votienus
1344 1555 1569 1633 quidem
1600 1556 1913 1615 maiestatis
1954 1554 2159 1633 poenis
2234 1601 2240 1607 .

182 1642 441 1701 adfectus
479 1648 595 1699 est:
642 1638 857 1701 Caesar
898 1639 1185 1699 obiectam
1226 1640 1335 1698 sibi
1368 1638 1643 1699 adversus
1673 1656 1811 1699 reos
1854 1639 2161 1696 inclemen-

181 1728 310 1786 tiam
361 1742 434 1784 eo
481 1724 841 1802 pervicacius
888 1724 1218 1803 amplexus,
1277 1722 1561 1800 Aquiliam
1614 1722 1875 1783 adulterii
1920 1721 2163 1780 delatam

184 1827 308 1869 cum
338 1810 517 1867 Vario
545 1806 774 1885 Ligure,
807 1824 1143 1885 quamquam
1170 1806 1801 1866 LentulusGaetulicus
1834 1804 2035 1863 consul
2065 1803 2160 1863 de·

184 1895 438 1968 signatus
468 1892 604 1967 lege
629 1891 769 1951 Iulia
801 1891 1146 1967 damnasset,
1180 1890 1357 1948 exilio
1390 1890 1605 1965 punivit
1633 1888 2013 1967 Apidiumque
2042 1888 2231 1948 lue-15

181 1976 383 2051 rulam,
419 1975 571 2054 quod
600 1977 655 2034 in
691 1983 818 2035 acta
849 1961 964 2034 divi
992 1974 1240 2050 Augusti
1269 1988 1384 2030 non
1413 1973 1735 2049 iuraverat,
1774 1970 1906 2032 albo
1938 1980 2161 2031 senato-

177 2061 266 2118 rio
281 2061 494 2119 erasit.
949 2061 956 2074 “

305 2141 410 2201 43.
463 2140 708 2202 Auditae
760 2141 966 2201 dehinc
1012 2139 1594 2202 Lacedaemoniorum
1652 2147 1709 2198 et
1752 2137 2165 2198 Messeniorum

179 2223 511 2298 legationes
537 2224 607 2283 de
631 2227 754 2283 iure
781 2224 977 2301 templi
998 2223 1216 2283 Dianae
1244 2221 1586 2300 Limnatidss,
1620 2222 1770 2302 quod
1796 2222 1909 2280 suis
1936 2239 1967 2280 a
1990 2221 2163 2280 'maio-

178 2304 338 2365 ribus
385 2323 601 2382 suaque
631 2309 871 2366 interra
906 2307 1146 2364 dicatum
1187 2307 1623 2367 Lacedaemonii
1663 2303 1957 2366 firmabant
1997 2323 2163 2364 anna·

179 2390 314 2449 lium
345 2391 618 2449 memoria
654 2399 953 2468 vatumque
986 2390 1355 2466 carminibus,
1404 2391 1507 2450 sed
1534 2388 2164 2467 MacedonisPhilippi,

183 2491 310 2533 cum
357 2489 468 2550 quo
519 2470 867 2550 bellassent,
921 2475 1092 2533 armis
1131 2475 1459 2566 ademptum,
1511 2493 1579 2535 ac
1627 2482 1761 2552 post
1801 2470 1865 2532 C.
1901 2471 2209 2530 Caesaries

183 2567 242 2616 et
282 2555 361 2614 Μ.
392 2555 623 2615 Antonii
671 2559 950 2618 sententia
994 2558 1291 2618 redditum.
1354 2567 1552 2618 contra
1599 2557 1869 2616 Messenii
1911 2562 2165 2613 veterem

181 2643 330 2700 inter
379 2637 644 2699 Herculis
703 2649 973 2720 posteros
1023 2641 1360 2702 divisionem
1415 2640 1806 2719 Peloponnesi
1854 2637 2164 2716 protulere,

186 2741 407 2802 suoque
436 2724 565 2800 regi
599 2722 1018 2784 Dentheliatem
1048 2744 1278 2803 agrum,
1324 2729 1382 2784 in
1424 2739 1540 2802 quo
1580 2723 1638 2782 id
1670 2721 1993 2798 delubrum,
2042 2737 2163 2779 ces·

186 2809 363 2876 sisse;
398 2809 853 2886 monimentaque
886 2810 1004 2868 eius
1033 2810 1117 2868 rei
1149 2810 1373 2889 sculpta
1404 2809 1557 2868 saxis
1588 2816 1646 2866 et
1674 2825 1811 2868 aere
1835 2799 2029 2884 prisco
2052 2822 2163 2862 ma—

185 2909 343 2950 nere.
403 2891 555 2968 quod
579 2893 628 2951 si
651 2901 860 2967 vatum,
890 2891 1167 2951 annalium
1190 2893 1261 2952 ad
1284 2893 1604 2952 testimonia
1638 2898 1937 2964 vocentur,
1967 2884 2233 2965 plures'1o

188 2975 295 3033 sibi
337 2992 405 3034 ac
446 2974 866 3053 locupletiores
899 2993 1030 3034 esse
1048 2999 1062 3044 ;
1103 2993 1293 3053 neque
1323 2975 1644 3052 Philippum
1674 2973 1929 3053 potentia
1960 2970 2063 3029 sed
2093 2989 2167 3028 ex

185 3075 325 3116 vero
360 3059 656 3118 statuisse:
702 3058 851 3117 idem
881 3059 1040 3134 regis
1079 3059 1385 3135 Antigoni,
1426 3058 1573 3117 idem
1600 3057 1963 3136 imperatoris
1992 3053 2163 3114 Mum·

185 3143 280 3200 mii
304 3141 598 3210 iudicium;
633 3143 718 3200 sic
739 3141 996 3202 Milesios
1023 3143 1305 3221 permisso
1333 3141 1839 3219 publice-arbitriO,
1868 3148 2163 3216 postremo

185 3224 434 3283 Atidium
465 3226 758 3286 Geminum
786 3235 1114 3304 praetorem
1146 3225 1403 3284 Achaiae
1444 3225 1799 3284 decrevisse.
1854 3223 1929 3282 ita
1963 3238 2164 3280 secun-

188 3306 313 3366 dum
343 3307 664 3369 Messenios
695 3311 902 3370 datum.
962 3319 1020 3368 et
1054 3309 1363 3385 Segestani
1402 3307 1602 3367 aedem
1631 3307 1880 3366 Veneris
1918 3312 2165 3364 montem
2192 3320 2231 3357 ιε

191 3390 338 3467 apud
381 3389 659 3469 Erycum,
711 3401 997 3453 vetustate
1052 3391 1365 3470 dilapsam,
1427 3392 1735 3450 restaurari
1778 3389 2164 3469 postulavere,

189 3482 320 3533 nota
363 3482 746 3536 memorantes
789 3474 862 3535 de
914 3477 1138 3553 origine
1168 3476 1290 3534 eius
1332 3484 1387 3534 et
1417 3475 1566 3534 laeta
1599 3473 1849 3534 Tiberio.
1915 3471 2168 3551 suscepit
