2475 4000
597 204 635 238 a
771 152 1075 230 menni
1105 177 1255 225 cAP
1278 178 1484 234 7--10.
1524 177 1531 182 ·
2114 169 2153 228 7

2092 283 2121 316 ἢ

129 332 522 432 pertinerent
551 326 801 388 consilio
831 329 939 395 nisi
969 345 1074 387 suo
1108 345 1362 405 usurum,
1391 331 1487 390 vel
1518 349 1642 391 cum
1676 333 1936 411 periculo
1964 332 2148 392 offen-

135 414 380 476 sionis:
415 430 506 472 ea
500 411 636 479 sola
667 412 902 490 species
941 411 1208 476 adulandi
1252 423 1573 489 supererat
1642 405 2025 478 conclamant
2042 421 2143 496 pa·

133 509 288 560 tres
319 512 526 574 corpus
557 493 646 553 ad
677 511 882 572 rogum
927 497 1140 554 umeris
1189 503 1518 554 senatorum
1556 496 1863 558 ferendum.
1928 502 2150 561 remisit
2168 518 2221 558 20

143 575 384 641 Caesar
410 578 711 654 adroganti
731 579 1151 654 moderatione,
1185 577 1578 657 populumque
1604 580 1791 640 edicto
1816 587 2026 643 monuit
2050 602 2145 662 ne,

145 674 231 724 ut-
255 663 535 742 quondam
564 663 750 722 nimiis
781 661 983 722 studiis
1015 661 1187 721 funus
1217 663 1335 722 divi
1363 660 1489 721 Iulii
1520 661 1880 739 turbassent,
1926 669 2003 726 ita
2032 668 2146 728 Αιι·

140 755 388 825 gustum
421 747 480 804 in
509 746 640 806 foro
672 737 859 823 potius
891 762 1060 824 quam
1092 747 1148 804 in
1183 751 1388 824 eampo
1420 745 1641 821 Martis,
1676 745 1815 804 sede
1848 709 2147 826 destinata,

143 831 404 892 eremari
435 829 672 889 vellent.
732 830 825 889 die
856 828 1074 889 funeris
1113 830 1323 889 milites
1370 829 1531 888 velut
1574 829 1869 916 praesidio
1914 839 2149 908 stetere,

133 915 392 974 multum
423 913 798 974 inridentibus
831 914 932 990 qui
953 914 1064 991 ipsi
1095 914 1358 974 viderant
1390 915 1601 991 quique
1632 931 1664 973 a
1694 895 2029 991 parentibus
2060 931 2149 973 ac-
2166 933 2219 972 25

139 1005 440 1076 ceperant
466 996 617 1056 diem
646 997 804 1056 illum
840 995 1000 1056 crudi
1032 996 1214 1056 adhuc
1263 997 1481 1056 servitii
1530 1006 1588 1055 et
1640 995 1922 1058 libertatis
1962 996 2151 1074 inpro-

137 1099 340 1160 spere
369 1081 676 1158 repetitae,
709 1098 834 1140 cum
865 1081 1094 1140 occisus
1127 1080 1376 1140 dictator
1408 1077 1629 1139 Caesar
1660 1079 1787 1138 aliis
1818 1081 2152 1158 pessimum,

133 1166 288 1226 aliis
324 1164 767 1242 puleb'errimum
799 1163 1021 1224 facinus
1048 1163 1373 1224 videretur:
1402 1179 1553 1222 nunc
1582 1181 1778 1222 senem
1810 1165 2152 1241 principem,

137 1251 338 1325 longa
371 1249 650 1326 potentia,
683 1248 934 1325 provisis
964 1249 1134 1306 etiam
1164 1245 1440 1306 heredum
1470 1246 1527 1305 in
1550 1263 1675 1305 rem
1704 1246 1991 1324 publicam
2028 1247 2152 1324 opi·

135 1333 294 1407 hus,
327 1331 542 1392 auxilio
575 1331 802 1390 seilicet
827 1330 1054 1390 militari
1084 1329 1371 1405 tuendum,
1394 1338 1457 1389 ut
1484 1329 1781 1408 sepultura
1806 1331 1929 1390 eius
1955 1332 2146 1408 quieta
2166 1349 2216 1390 ιο

134 1417 338 1474 foret.

285 1497 348 1558 9
391 1496 600 1556 Multus
631 1459 763 1556 hinc
804 1497 933 1574 ipso
977 1496 1049 1556 de
1093 1496 1356 1574 Augusto
1406 1498 1966 1576 sermo,‘plerisque
2003 1511 2149 1556 vana

141 1580 522 1656 mirantibus,
555 1580 708 1658 quod
737 1579 887 1640 idem
917 1581 1042 1640 dies
1065 1582 1295 1658 accepti
1318 1580 1599 1659 quondam
1628 1582 1850 1659 imperii
1875 1577 2148 1658 princeps

141 1675 218 1726 et
257 1666 411 1724 vitae
441 1681 776 1742 supremae,
823 1665 976 1742 quod
1017 1663 1204 1725 Nolae
1248 1665 1306 1722 in
1346 1663 1513 1724 domo
1560 1674 1619 1724 et
1650 1663 1920 1725 cubiculo
1950 1665 2004 1721 in
2034 1677 2149 1740 quo

142 1758 331 1828 pater
359 1748 486 1808 eius
518 1745 796 1814 Octavius
821 1749 990 1808 vitam
1021 1748 1319 1808 linivisset.
1374 1767 1641 1808 numerus
1674 1750 1842 1809 etiam
1884 1747 2147 1806 consula-

141 1844 314 1892 tuum
343 1827 770 1907 celebrabatur,
801 1849 914 1910 quo
945 1831 1238 1892 Valerium
1270 1829 1518 1892 Corvum
1550 1841 1608 1889 et
1629 1830 1697 1890 C.
1722 1830 1959 1889 Marium
1982 1825 2198 1888 simuls

137 1924 534 1994 aequaverat,
565 1918 892 1976 continuata
928 1934 1036 1994 per
1060 1925 1291 1994 septem
1322 1924 1379 1973 et
1402 1915 1631 1989 triginta
1654 1929 1833 1970 annos
1853 1912 2151 1970 tribunicia

145 2008 450 2080 potestaS,
483 2016 691 2059 nomen
721 2001 1068 2077 inperatoris
1099 1998 1287 2059 semel
1312 2006 1483 2074 atque
1514 1996 1735 2055 viciens
1764 2002 1987 2072 partum
2016 1993 2151 2052 alia·

142 2102 275 2161 que
307 2083 590 2142 honorum
615 2084 991 2161 multiplicata
1033 2092 1128 2142 aut
1167 2096 1341 2140 nova
1398 2088 1459 2139 at
1484 2078 1635 2156 apud
1680 2077 1993 2156 prudentes
2037 2075 2154 2135 vita

148 2168 290 2225 eius
320 2165 488 2223 varie'
510 2165 904 2225 extollebatur
933 2165 1376 2241 arguebaturve
1426 2162 1484 2221 hi
1516 2164 1732 2241 pietate
1774 2178 1911 2238 erga
1945 2174 2151 2239 paren-

145 2258 282 2305 tem
313 2253 371 2302 et
398 2248 820 2313 necessitudine
852 2248 937 2307 rei
967 2248 1236 2324 publicae
1255 2290 1273 2320 ,
1310 2248 1367 2305 in
1396 2264 1506 2323 qua
1542 2246 1729 2305 nullus
1762 2254 1895 2304 tune
1923 2243 2151 2321 legibus
2173 2257 2222 2297 1⁰

147 2331 360 2400 locus,
392 2326 464 2385 ad
493 2344 646 2383 arma
679 2328 866 2385 civilia
896 2338 1102 2403 actum,
1137 2344 1285 2403 quae
1313 2346 1501 2405 neque
1531 2330 1720 2405 parari
1764 2337 2009 2405 possent
2051 2344 2149 2387 ne·

149 2428 282 2489 que
315 2406 518 2467 haberi
546 2425 653 2484 per
679 2408 860 2468 bonas
889 2418 1062 2467 artes.
1129 2407 1301 2467 multa
1325 2408 1611 2485 -Antonio,
1658 2410 1786 2469 dum
1816 2411 2151 2469 interfecto·

152 2509 264 2553 res
296 2492 474 2570 patris
507 2490 917 2568 ulcisceretur,
949 2492 1124 2551 multa
1149 2491 1371 2569 Lepido
1403 2494 1790 2552 concessisse.
1850 2493 2151 2569 postquam

154 2578 261 2637 hie
293 2574 564 2634 socordia
599 2576 872 2650 senuerit,
900 2576 1000 2635 ille
1035 2594 1144 2655 per
1174 2574 1441 2635 libidines
1469 2592 1702 2652 pessum
1727 2575 1890 2635 datus
1913 2576 2006 2649 sit,
2038 2588 2152 2633 non

153 2657 322 2719 aliud
351 2657 734 2717 discordantis
774 2662 996 2735 patriae
1037 2659 1351 2719 remedium
1392 2659 1572 2719 fuisse
1620 2676 1784 2736 quam
1823 2664 1892 2717 ut
1922 2657 1992 2715 ab
2037 2671 2223 2716 uno1⁵

156 2750 492 2817 regeretur.
553 2758 668 2801 non
706 2757 888 2818 regno
917 2751 1104 2802 tamen
1145 2760 1339 2821 neque
1380 2742 1691 2818 dictatura,
1732 2741 1837 2801 sed
1876 2742 2155 2819 principis
2242 2782 2246 2787 «

155 2826 396 2885 nomine
423 2826 783 2887 constitutam
812 2842 936 2883 rem
962 2825 1280 2923 publicarum
1317 2828 1458 2885 mari
1491 2824 1725 2885 Oceano
1758 2833 1851 2883 aut
1899 2823 2153 2883 amnibus

159 2909 494 2987 longia-quis
526 2917 787 2987 saeptum
817 2910 1140 2987 imperium
1174 2909 1472 2985 legiones,
1510 2910 1871 2986 provincias,
1908 2908 2150 2979 classes,

166 3001 376 3051 cuneta
405 2994 554 3052 inter
585 3011 652 3052 se
691 2995 1073 3077 cone1a3ius
1101 2992 1253 3070 apud
1283 2995 1465 3069 cives,
1497 2993 1834 3052 modestiam
1864 2987 2017 3087 apud
2058 3004 2151 3047 so·

167 3076 328 3144 cios;
357 3074 604 3135 urben
585 3093 769 3155 ipsam
797 3038 1104 3154 ιιιιιξιιίίίοο
1138 3086 1373 3144 ornatu;
1406 3094 1587 3154 pauca
1626 3074 1924 3136 admodum
1953 3074 2009 3131 vi
2034 3081 2145 3131 tra-
2166 3090 2218 3131 20

167 3166 341 3233 ctata,
375 3176 492 3237 quo
523 3162 736 3225 ceteris
773 3162 939 3239 quies
967 3168 1144 3220 esset.

230 3236 394 3302 10.
441 3242 756 3305 Dicebatur
801 3254 1032 3305 eontra:
1067 3245 1339 3323 pietatem
1390 3261 1528 3319 erga
1566 3251 1867 3320 parentem
1912 3249 1970 3299 et
2006 3248 2148 3299 tem-

169 3341 314 3400 pora
345 3327 428 3386 rei
461 3326 728 3404 publicae
768 3328 1024 3389 obtentui
1051 3336 1319 3406 sumpta:
1363 3335 1617 3386 ceterum
1667 3324 1929 3402 cupidine
1961 3322 2147 3383 domi·

169 3408 339 3469 nandi
373 3412 632 3471 concites
663 3429 771 3490 per
805 3412 1166 3490 largitionem
1205 3419 1553 3486 veteranos,
1561 3417 1855 3493 paratum
1895 3407 1969 3467 ab
2012 3406 2147 3467 adu-

2280 411 2335 448 μ
