2475 4000
749 225 884 270 Lm.
905 227 950 270 1.
986 224 1136 272 cAP.
1161 225 1397 278 50-55-
2011 209 2093 268 27

96 399 220 440 cur
253 378 512 438 Rhodum
541 376 908 438 abscederet.
971 376 1267 453 imperium
1308 376 1549 452 adeptus
1579 385 1899 452 extorrem,
1948 375 2089 436 infa-

41 523 56 540 ,
98 481 268 522 mem
299 470 356 520 et
379 470 508 538 post
536 460 898 520 interfectum
921 464 1239 520 Postumum
1264 456 1576 534 Agrippam
1599 461 1773 520 omnis
1798 461 1923 538 spei
1948 477 2088 536 ege-

99 563 250 604 nam
276 545 465 621 inopia
494 561 564 603 ac
593 542 726 602 tabe
755 543 928 620 longa
961 543 1227 621 peremit,
1260 539 1561 600 obscuram
1591 540 1717 599 fore
1744 561 1939 603 necem
1962 544 2086 604 lon·

97 628 432 705 ginquitate
471 626 628 686 exilii
669 635 842 686 ratus.
909 643 1017 704 par
1059 642 1233 686 causa
1276 624 1555 683 saevitiae
1595 624 1651 680 in
1701 624 2088 702 Sempronium

109 709 456 786 Gracchum,
489 711 586 788 qui
614 709 824 769 familia
854 708 1068 783 nobili,¹
1097 708 1313 770 sollers
1341 707 1573 783 ingenio
1604 714 1664 764 et
1695 723 1869 783 prave
1897 710 2086 768 facun-
2108 738 2157 778 10

91 795 255 868 dus,
289 793 529 854 eandem
561 791 757 852 Iuliam
800 794 856 852 in
897 791 1253 853 matrimonio
1284 789 1467 850 Marci
1510 789 1811 867 Agrippae
1853 798 2089 850 temera-

101 885 295 936 verat.
359 895 472 937 nec
501 877 552 934 is
583 875 796 935 libidini
826 877 986 935 finis:
1021 875 1279 936 traditam
1312 871 1546 934 Tiberio
1572 872 1852 951 pervicax
1875 872 2095 931 adulter

99 959 469 1020 contumacia
506 968 565 1018 et
597 958 743 1018 odiis
773 960 831 1018 in
862 959 1118 1019 maritum
1157 955 1543 1025 accendebat;
1588 955 1911 1032 literaeque
1956 972 2097 1031 quas

95 1041 249 1102 Iulia
286 1044 436 1120 patri
465 1042 726 1118 Augusto
760 1060 884 1102 cum
913 1042 1296 1102 insectatione
1331 1038 1548 1098 Tiberii
1579 1039 1816 1117 scripsit
1855 1056 1888 1098 a
1922 1037 2097 1097 Grac·
2172 1039 2185 1058 ⁸

96 1126 216 1186 cho
255 1125 616 1203 compositae
649 1125 1048 1186 credebantur.
1111 1125 1283 1201 igitur
1312 1131 1533 1183 amotus
1558 1120 1881 1198 Cercinam,
1914 1120 2099 1180 Africi
2120 1145 2167 1184 15
2208 1167 2221 1190 ,

93 1211 282 1270 maris
310 1209 588 1283 insulam,
633 1209 1085 1285 quattuordecim
1129 1208 1291 1267 annis
1335 1206 1566 1265 exilium
1612 1206 1897 1265 toleravit.
1964 1213 2098 1264 tunc

91 1293 318 1352 milites
351 1293 421 1352 ad
457 1291 698 1352 caedem
725 1293 884 1351 missi
913 1293 1188 1350 invenere
1220 1292 1278 1348 in
1308 1291 1647 1367 prominenti
1696 1289 1911 1364 litoris,
1957 1287 2096 1346 nihil

93 1375 319 1434 laetum
350 1376 770 1453 opperientem.
842 1392 1081 1453 quorum
1109 1374 1355 1434 adventu
1386 1371 1566 1432 breve
1601 1382 1822 1452 tempus
1868 1373 2091 1450 petivit,

93 1469 162 1517 ut
200 1473 474 1536 suprema
514 1457 776 1517 mandata
820 1458 984 1517 uxori
1015 1457 1291 1518 Alliariae
1334 1475 1440 1534 per
1480 1457 1676 1516 literas
1722 1455 1916 1535 daret,
1963 1471 2090 1515 cer-

92 1543 414 1618 vicemque
443 1540 886 1618 percussoribus
929 1540 1158 1620 obtulit,
1213 1541 1529 1600 constantia
1572 1540 1771 1598 mortis
1813 1538 1963 1599 haud
2007 1540 2161 1598 in·20

95 1624 316 1700 dignus
351 1624 692 1700 Sempronio
727 1627 982 1684 nomine:
1027 1626 1140 1685 vita
1177 1624 1651 1702 degeneraverat.
1712 1623 1936 1701 quidam
1979 1638 2092 1680 non

91 1708 290 1766 Roma
323 1724 430 1767 eos
457 1707 688 1784 milites,
719 1709 826 1769 sed
857 1708 929 1768 ab
959 1707 1020 1768 L.
1060 1708 1386 1786 Asprenate
1430 1725 1536 1786 pro
1574 1706 1813 1768 consul'e
1855 1705 2095 1766 Africae

93 1792 316 1850 missos
349 1791 905 1853 tradideresuotore
936 1791 1190 1868 Tiberio,
1225 1793 1323 1870 qui
1352 1791 1557 1853 famam
1588 1791 1785 1850 caedis
1819 1806 1995 1868 posse
2036 1789 2093 1848 in

93 1873 490 1951 Asprenatem
524 1876 674 1934 verti
703 1875 912 1936 frustra
947 1884 1305 1953 speraverat.
1382 1907 1387 1912 ·
1996 1908 2004 1919 -

227 1958 329 2018 54.
375 1957 532 2019 Idem
562 1976 960 2035 annusxnovas
997 1957 1376 2020 caerimonias
1422 1955 1649 2032 accepit
1688 1953 1879 2013 addito
1923 1952 2089 2033 soda-

93 2036 234 2099 lium
269 2041 664 2118 Augustalium
699 2044 1067 2118 sacerdotio,
1112 2051 1174 2101 ut
1215 2038 1499 2119 quondam
1525 2038 1691 2097 Titus
1722 2035 1917 2095 Tatius
1956 2036 2091 2093 reti-

91 2124 310 2182 nendis
361 2123 699 2183 Sabinorum
749 2127 932 2187 sacris
991 2123 1224 2184 sodales
1285 2121 1469 2197 Titios
1521 2122 1859 2182 instituerat.
1932 2127 2090 2177 sorte

89 2206 266 2264 ducti
297 2222 330 2262 e
359 2205 700 2279 primoribus
730 2208 973 2268 civitatis
1012 2225 1152 2267 unus
1186 2214 1245 2265 et
1276 2206 1503 2283 viginti:
1548 2204 1815 2265 Tiberius
1842 2203 2088 2262 Drusus-

91 2306 218 2365 que
259 2293 317 2344 et
354 2282 623 2346 Claudius
656 2297 714 2347 et
742 2289 1110 2349 Germanicus
1144 2289 1477 2350 adiciuntur.
1536 2289 1703 2350 ludos
1736 2286 2087 2365 Augustales
2113 2306 2138 2345 5

93 2380 242 2429 tunc
270 2367 514 2447 vprimum
546 2380 788 2447 coeptos
819 2372 1066 2431 turbavit
1095 2372 1383 2433 discordia
1415 2392 1489 2431 ex
1519 2372 1827 2432 certamine
1862 2371 2087 2430 histrio-

95 2471 256 2512 num.
314 2450 630 2511 indulserat
655 2454 708 2513 ei
739 2454 959 2518 ludicro
990 2455 1314 2534 Augustae,
1357 2455 1485 2515 dum
1515 2454 1838 2513 Maecenati
1870 2452 2087 2511 obtem-

97 2544 276 2611 perat
303 2534 489 2593 effuso
529 2537 586 2593 in
619 2554 872 2597 amorem
899 2538 1175 2615 Bathylli3
1225 2556 1415 2616 neque
1458 2540 1585 2615 ipse
1618 2535 1967 2595 abhorrebat
2008 2544 2088 2593 ta-

100 2618 254 2677 libus
285 2618 506 2691 studiiS,
535 2627 594 2676 et
625 2619 793 2677 civile
817 2621 1050 2680 rebatur
1073 2622 1305 2683 misceri
1330 2618 1717 2697 voluptatibus
1742 2617 1917 2694 vulgi.
1979 2616 2089 2676 alia

101 2700 343 2760 Tiberio
379 2716 604 2763 morum
631 2701 752 2759 via:
787 2703 886 2762 sed
918 2704 1188 2781 populum
1218 2721 1329 2781 per
1356 2710 1441 2762 tot
1480 2718 1659 2761 annos
1706 2700 1955 2760 molliter
1989 2700 2157 2759 ha-io

104 2780 285 2843 bitum
318 2783 842 2863 nondum-audebat
869 2786 940 2845 ad
971 2786 1198 2847 duriora
1229 2795 1481 2845 vertere.

231 2866 334 2926 55.
384 2864 575 2926 Druso
623 2864 877 2931 Caesare
931 2866 997 2927 C.
1053 2868 1327 2929 Norbano
1380 2867 1709 2929 consulibus
1762 2867 2101 2928 decernitur.

108 2946 449 3015 Germanico
493 2951 811 3029 triumphus
853 2961 1117 3012 manente
1171 2952 1365 3021 bello;
1434 2953 1590 3033 quod
1646 2969 1981 3030 quamquam
2026 2951 2089 3015 ‚in
2180 3014 2185 3027 ¹

108 3040 386 3091 aestatem
437 3052 650 3095 summa
695 3051 811 3113 ope
857 3034 1135 3114 parabat,
1186 3037 1344 3095 initio
1385 3038 1539 3096 veris
1584 3045 1641 3095 et
1686 3036 1988 3114 repentino
2032 3033 2088 3091 in

112 3110 347 3202 Chattos
391 3134 638 3177 excursu
681 3117 1002 3197 praecepit.
1076 3136 1200 3179 nam
1244 3137 1382 3198 spes
1439 3120 1760 3179 incesserat
1802 3118 2085 3178 dissidere
2154 3142 2167 3151 =

107 3192 332 3257 hostem
377 3199 432 3257 in
463 3199 772 3260 Arminium
815 3220 885 3262 ac
914 3203 1255 3278 Segestem,
1300 3202 1579 3278 insignem
1621 3210 1921 3280 utrumque
1954 3218 2130 3279 pec-5

111 3276 239 3339 fidia
270 3281 327 3340 in
357 3299 462 3341 nos
499 3292 592 3343 aut
622 3285 754 3344 fide.
813 3285 1100 3345 Arminius
1123 3286 1384 3345 turbator
1415 3284 1771 3357 Germaniae,
1803 3285 2083 3362 Segestes

113 3365 298 3443 parari
337 3364 718 3426 rebellionem
761 3386 942 3447 saepe
989 3369 1130 3429 alias
1175 3378 1233 3428 et
1275 3385 1545 3445 supremo
1600 3369 1897 3443 convivio,
1950 3376 2083 3445 post

112 3447 261 3518 quod
291 3447 348 3505 in
377 3465 528 3510 arma
559 3450 711 3529 itum,
741 3453 962 3540 aperuit
991 3453 1287 3531 suasitque
1317 3452 1472 3512 Varo
1506 3460 1567 3511 ut
1595 3469 1661 3511 se
1694 3460 1752 3511 et
1774 3452 2083 3512 Arminium
