2475 4000
368 179 485 239 172
900 183 1229 234 cosma-11
1259 183 1494 232 'mern
1516 183 1884 232 ANNALmM

181 376 189 379 -
292 349 391 404 38*
486 345 589 403 44.
630 341 794 416 Quae
826 339 1045 400 duabus
1077 339 1390 400 aestatibus
1426 347 1593 415 gesta
1625 339 1923 411 coniunxi,
1969 355 2086 414 quo
2127 338 2358 416 requie-

362 436 555 487 sceret
584 429 801 486 animus
832 442 863 483 a
894 424 1227 492 domesticis
1261 423 1455 491 malis3
1489 439 1604 490 nou
1635 422 1783 481 enim
1809 421 2126 496 Tiberium,
2165 439 2358 499 quam-

364 528 529 588 quam
554 509 798 569 triennio
832 517 967 587 post
998 509 1235 568 caedem
1266 507 1490 582 Seiani,
1533 525 1682 584 quae
1713 515 1954 566 ceteros·
1985 505 2218 566 mollire
2267 523 2360 566 so·

360 596 500 670 lent,
532 604 761 671 tempus
786 611 1001 670 preces
1035 593 1209 652 satias
1240 589 1603 667 mitigabant,
1649 591 1784 668 quin
1825 591 2048 649 incerta
2089 588 2188 649 vel
2221 589 2358 650 abo—

314 684 338 722 5
362 679 461 738 lita
492 695 599 756 pro
630 677 985 754 gravissimis
1018 683 1077 735 et
1102 674 1434 735 recentibus
1464 675 1712 752 puniret.
1771 689 1844 732 eo
1877 681 2030 732 metu
2063 672 2362 733 Fulcinius

351 762 521 838 Trio,
553 761 871 838 ingruentis
899 767 1274 819 accusatores
1301 757 1452 818 haud
1481 775 1838 836 perpessus,
1871 758 2156 834 supremis
2196 756 2361 816 tabu-

361 847 433 906 lis
466 846 640 906 multa
668 854 725 904 et
764 845 982 910 atrocia
1008 844 1084 900 ··in
1132 843 1462 902 Macronem
1505 859 1574 900 ac
1621 844 1975 919 praecipuos
2020 839 2362 900 libertorum

360 930 629 990 Caesaris
655 929 979 1007 conposuit,
1010 927 1123 1004 ipsi
1147 927 1355 986 fluxam
1386 926 1547 984 senio
1573 935 1820 986 mentem
1849 934 1910 984 et
1931 925 2202 984 continuo
2228 924 2360 985 abs-

363 1033 532 1074 cessu
576 1014 735 1072 velut
785 1013 1014 1071 exilium
1064 1009 1430 1070 obiectando.
1501 1027 1651 1088 quae
1695 1009 1768 1070 ab
1808 1007 2118 1068 heredibus
2161 1008 2378 1069 occul--

291 1105 341 1146 1⁰
358 1108 471 1158 tata
496 1098 731 1157 recitari
761 1096 1025 1155 Tiberius
1048 1096 1228 1171 iussit,
1258 1095 1586 1172 patientiam
1610 1093 1890 1152 libertatis
1915 1093 2140 1152 alienae
2165 1103 2360 1152 osten-

359 1192 484 1243 tans
534 1191 591 1241 et
636 1189 1001 1258 contemptor
1046 1197 1183 1238 suae
1224 1177 1518 1254 infamiae,
1576 1195 1648 1236 an
1692 1177 1978 1238 sceler-um
2019 1176 2210 1237 Seiani
2263 1177 2388 1238 dius

360 1267 593 1324 nescius
626 1282 761 1323 mox
794 1281 1025 1343 quoquo
1052 1263 1224 1323 modo
1257 1262 1408 1322 dicta
1435 1261 1662 1338 vulgari
1683 1260 1934 1322 malebat
1959 1263 2360 1338 veritatisque,

362 1350 451 1408 cui
486 1349 735 1408 adulatio
769 1348 983 1422 officit,
1028 1365 1137 1424 per
1184 1346 1402 1424 probra
1457 1345 1660 1406 saltem
1699 1363 1916 1422 gnarus
1963 1345 2108 1404 fieri.
2169 1344 2362 1407 isdem

360 1431 561 1491 diebus
604 1430 843 1490 Granius
884 1431 1207 1490 Marcianus
1251 1439 1518 1504 senator,
1567 1449 1600 1489 a
1631 1427 1697 1488 G.
1729 1427 1996 1489 Graccho
2039 1429 2360 1490 maiestatis

293 1526 341 1565 15
364 1514 707 1594 postulatus,
741 1515 853 1572 vim
892 1515 1043 1572 vitae
1071 1531 1209 1572 suae
1238 1513 1450 1588 attulit,
1497 1513 1814 1590 Tariusque
1859 1511 2159 1574 Gratianus
2190 1530 2358 1591 prae·

362 1609 488 1659 tura
516 1599 743 1657 functus
777 1598 913 1674 lege
944 1595 1147 1656 eadem
1175 1605 1493 1655 extremum
1525 1595 1594 1657 ad
1623 1598 1970 1680 supplicium
1993 1596 2319 1658 damnatus.

289 1674 358 1728 39
482 1684 584 1742 45.
640 1681 767 1740 Nec
819 1681 1083 1758 dispares
1137 1679 1492 1740 Trebelliani
1542 1679 1670 1739 Rufi
1719 1689 1776 1740 et
1819 1681 1998 1740 Sextii
2045 1679 2360 1740 Paconiani

363 1769 578 1826 exitus:
620 1783 747 1825 nam
791 1764 1194 1825 Trebellienus
1244 1781 1346 1824 sua
1389 1780 1556 1823 manu
1597 1763 1838 1840 cecidit,
1881 1753 2250 1824 Paconianus
2303 1765 2360 1822 in

364 1868 602 1911 carcere
646 1849 721 1908 ob
763 1851 1011 1909 carmina
1054 1848 1173 1909 illic
1215 1849 1272 1907 in
1315 1848 1636 1927 principem
1671 1848 1930 1908 factitata
1971 1849 2360 1926 strangulatus

360 1936 479 1995 est.'
529 1935 676 1994 haec
711 1934 973 1994 Tiberius
1004 1951 1117 1993 non
1144 1935 1310 2009 mari,
1341 1940 1402 1990 ut
1429 1931 1588 2008 olim,
1621 1932 1836 2006 divisus
1861 1946 2052 2010 neque
2083 1951 2195 2011 per
2235 1933 2357 1992 lon-

317 2036 341 2075 5
366 2024 614 2097 ginquos
634 2023 863 2080 nuntios
886 2018 1231 2097 accipiebat,
1269 2016 1372 2077 sed
1395 2018 1598 2079 urbem
1627 2019 1806 2093 iuxta,
1831 2016 2034 2079 eodem
2061 2027 2122 2076 ut
2147 2018 2242 2076 die
2267 2016 2360 2075 vel

358 2106 546 2163 noctis
576 2104 881 2165 interiectu
912 2104 1098 2164 literis
1128 2102 1427 2163 consulum
1455 2100 1836 2178 rescribe-ret,
1869 2102 2032 2179 quasi
2063 2102 2360 2179 aspiciens

357 2187 661 2245 undantem
691 2204 799 2263 per
830 2187 1036 2246 domos
1066 2188 1401 2265 sanguinem
1443 2195 1540 2245 aut
1585 2202 1782 2245 manus
1825 2185 2176 2245 carnificum.
2247 2185 2359 2245 fine

360 2272 489 2328 anni
543 2268 851 2347 Poppaeus
906 2270 1151 2330 Sabinus
1202 2271 1499 2331 concessit
1543 2270 1704 2343 -vita,
1763 2268 2026 2328 modicus
2090 2269 2356 2344 originis,

364 2353 681 2431 principum
726 2355 972 2413 amicitia
1016 2353 1375 2413 consulatum
1425 2372 1496 2413 ac
1525 2352 1870 2431 triumphale
1901 2351 2082 2411 decus
2111 2351 2354 2427 adeptus

291 2455 342 2494 ιο
361 2438 736 2515 maximisque
760 2438 1077 2516 provinciis
1105 2454 1217 2513 per
1240 2445 1510 2513 quattuor
1539 2446 1597 2498 et
1617 2438 1818 2514 viginti
1841 2453 2024 2499 annos
2047 2434 2352 2512 inpositus,

356 2521 569 2581 nullam
601 2521 675 2585 ob
708 2524 969 2581 eximiam
1002 2529 1211 2594 artem,
1257 2518 1360 2578 sed
1393 2521 1547 2599 quod
1585 2537 1690 2598 par
1727 2520 1983 2597 negotiis
2023 2529 2208 2596 neque
2259 2537 2355 2579 su·

358 2623 481 2683 pra
478 2614 637 2665 erat.

286 2692 359 2746 40
482 2688 584 2749 46.
626 2690 700 2791 Q.
738 2688 991 2748 Plautius
1034 2690 1172 2748 Sex.
1217 2688 1486 2767 Papinius
1542 2688 1814 2747 consules
1863 2694 2198 2765 sequuntur.
2285 2702 2362 2745 eo

356 2790 504 2833 anno
534 2774 650 2809 **·“·’
648 2788 885 2851 neque
918 2772 1075 2848 quod
1115 2771 1177 2831 L.
1208 2772 1491 2831 Aruseius
1533 2781 1717 2831 morte
1763 2770 1976 2831 adfecti
2005 2771 2228 2846 forent,
2261 2770 2362 2829 ad·

362 2856 659 2917 suetudine
689 2856 968 2915 malorum
996 2865 1059 2937 ut
1087 2864 1258 2916 atrox
1291 2856 1722 2930 advertebatur,
1757 2854 1860 2915 sed
1889 2855 2172 2914 exterruit
2204 2814 2368 2931 quod

358 2941 679 3002 Vibulenus
728 2940 995 3018 Agrippa
1040 2958 1221 3019 eques
1263 2941 1588 3016 Romanus,
1635 2958 1762 2999 cum
1789 2946 2166 3018 perorassent
2189 2956 2368 2997 accu-

310 3050 335 3089 5
364 3033 609 3101 satores,
644 3026 701 3083 in
734 3024 861 3102 ipsa
890 3025 1049 3085 curia
1078 3024 1476 3103 depromptum
1511 3026 1952 3083 sinu-venenum
1983 3022 2190 3098 hausit,
2223 3039 2368 3101 pro·

347 3108 667 3187 lapsusque
699 3125 771 3166 >ac
802 3107 1172 3169 moribundus
1202 3108 1486 3169 festinatis
1523 3107 1789 3170 lictorum
1833 3106 2092 3167 manibus
2131 3107 2192 3165 in
2237 3124 2370 3165 car·

356 3211 549 3252 cerem
577 3201 773 3269 raptus
822 3201 943 3268 est,
990 3193 1308 3271 faucesque
1351 3192 1462 3251 iam
1509 3194 1786 3252 exanimis
1829 3192 2042 3270 laqueo
2089 3198 2370 3251 vexatae.

354 3293 427 3334 ne
456 3276 737 3354 Tigranes
770 3275 1019 3354 quidem,
1052 3276 1323 3337 Armenia
1356 3275 1638 3352 quondam
1668 3278 1885 3354 potitus
1907 3292 1986 3335 ac
2018 3282 2154 3336 tunc
2197 3291 2372 3351 reus,

354 3362 583 3419 nomine
612 3360 781 3435 regio
812 3360 1099 3440 supplicia
1134 3362 1342 3419 civium
1377 3359 1595 3445 effugit.
1661 3369 1720 3421 at
1765 3358 1831 3420 C.
1877 3355 2060 3418 Galba
2087 3358 2372 3419 consula·-

288 3474 333 3514 ιο
352 3454 433 3509 ris
463 3464 519 3511 et
570 3454 683 3512 duo
719 3442 911 3503 Blaesi
953 3444 1278 3506 voluntario
1299 3428 1490 3503 exitu
1523 3443 1825 3519 cecidere,
1867 3440 2054 3511 Galba
2093 3438 2374 3501 tristibus
