<?xml version="1.0" encoding="UTF-8"?>
<!DOCTYPE html PUBLIC "-//W3C//DTD XHTML 1.0 Transitional//EN"
    "http://www.w3.org/TR/xhtml1/DTD/xhtml1-transitional.dtd">
<html xmlns="http://www.w3.org/1999/xhtml" xml:lang="en" lang="en">
 <head>
  <title>
</title>
<meta http-equiv="Content-Type" content="text/html;charset=utf-8" />
  <meta name='ocr-system' content='tesseract 3.04.00' />
  <meta name='ocr-capabilities' content='ocr_page ocr_carea ocr_par ocr_line ocrx_word'/>
</head>
<body>
  <div class='ocr_page' id='page_1' title='image "./corneltacitilib00unkngoog_0033.png"; bbox 0 0 2475 4000; ppageno 0'>
   <div class='ocr_carea' id='block_1_1' title="bbox 611 219 2165 296">
    <p class='ocr_par' dir='ltr' id='par_1_1' title="bbox 611 219 2165 296">
     <span class='ocr_line' id='line_1_1' title="bbox 611 219 2165 296; baseline -0.001 -10"><span class='ocrx_word' id='word_1_1' title='bbox 611 272 618 286; x_wconf 83' lang='lat'>,</span> <span class='ocrx_word' id='word_1_2' title='bbox 691 237 1234 296; x_wconf 64' lang='lat' dir='ltr'><strong>communium</strong></span> <span class='ocrx_word' id='word_1_3' title='bbox 1272 219 1609 286; x_wconf 72' lang='lat' dir='ltr'><strong>emmens,</strong></span> <span class='ocrx_word' id='word_1_4' title='bbox 2018 235 2165 284; x_wconf 81' lang='lat' dir='ltr'><strong>xxv</strong></span> 
     </span>
    </p>
   </div>
   <div class='ocr_carea' id='block_1_2' title="bbox 121 395 2168 1144">
    <p class='ocr_par' dir='ltr' id='par_1_2' title="bbox 130 395 2165 638">
     <span class='ocr_line' id='line_1_2' title="bbox 305 395 2163 469; baseline -0.002 -14"><span class='ocrx_word' id='word_1_5' title='bbox 305 395 419 469; x_wconf 82' lang='lat'><strong>29,</strong></span> <span class='ocrx_word' id='word_1_6' title='bbox 457 405 492 456; x_wconf 91' lang='grc'>2</span> <span class='ocrx_word' id='word_1_7' title='bbox 525 397 649 452; x_wconf 85' lang='lat' dir='ltr'><strong>uel:</strong></span> <span class='ocrx_word' id='word_1_8' title='bbox 690 413 760 454; x_wconf 83' lang='lat' dir='ltr'><strong>an</strong></span> <span class='ocrx_word' id='word_1_9' title='bbox 801 395 874 460; x_wconf 89' lang='lat' dir='ltr'>U,·</span> <span class='ocrx_word' id='word_1_10' title='bbox 921 397 1002 468; x_wconf 82' lang='lat' dir='ltr'><strong>cf.</strong></span> <span class='ocrx_word' id='word_1_11' title='bbox 1043 401 1112 466; x_wconf 83' lang='lat'><strong>4,</strong></span> <span class='ocrx_word' id='word_1_12' title='bbox 1155 403 1256 466; x_wconf 86' lang='grc'><strong>33,</strong></span> <span class='ocrx_word' id='word_1_13' title='bbox 1300 397 1393 452; x_wconf 80' lang='lat' dir='ltr'><strong>ubi</strong></span> <span class='ocrx_word' id='word_1_14' title='bbox 1434 401 1611 452; x_wconf 77' lang='lat' dir='ltr'><strong>tamen</strong></span> <span class='ocrx_word' id='word_1_15' title='bbox 1638 398 1787 453; x_wconf 75' lang='lat' dir='ltr'><strong>lectio</strong></span> <span class='ocrx_word' id='word_1_16' title='bbox 1818 398 2163 457; x_wconf 82' lang='lat' dir='ltr'><strong>Romanasuc</strong></span> 
     </span>
     <span class='ocr_line' id='line_1_3' title="bbox 130 480 2165 550; baseline -0.001 -10"><span class='ocrx_word' id='word_1_17' title='bbox 130 485 326 540; x_wconf 75' lang='lat' dir='ltr'><strong>saltem</strong></span> <span class='ocrx_word' id='word_1_18' title='bbox 360 483 570 538; x_wconf 76' lang='lat' dir='ltr'><strong>incerta</strong></span> <span class='ocrx_word' id='word_1_19' title='bbox 610 488 715 547; x_wconf 78' lang='lat' dir='ltr'><strong>est,</strong></span> <span class='ocrx_word' id='word_1_20' title='bbox 761 485 859 550; x_wconf 81' lang='lat'><strong>14,</strong></span> <span class='ocrx_word' id='word_1_21' title='bbox 903 487 939 540; x_wconf 84' lang='lat'>3</span> <span class='ocrx_word' id='word_1_22' title='bbox 971 481 1240 537; x_wconf 80' lang='lat' dir='ltr'><strong>hactenus</strong></span> <span class='ocrx_word' id='word_1_23' title='bbox 1282 480 1599 536; x_wconf 82' lang='lat' dir='ltr'><strong>consultans</strong></span> <span class='ocrx_word' id='word_1_24' title='bbox 1638 497 1853 538; x_wconf 83' lang='lat' dir='ltr'><strong>veneno</strong></span> <span class='ocrx_word' id='word_1_25' title='bbox 1895 499 1965 539; x_wconf 84' lang='lat' dir='ltr'><strong>an</strong></span> <span class='ocrx_word' id='word_1_26' title='bbox 2009 482 2165 538; x_wconf 79' lang='lat' dir='ltr'><strong>ferro</strong></span> 
     </span>
     <span class='ocr_line' id='line_1_4' title="bbox 136 565 1072 638; baseline -0.002 -14"><span class='ocrx_word' id='word_1_27' title='bbox 136 569 250 624; x_wconf 80' lang='lat' dir='ltr'><strong>vel</strong></span> <span class='ocrx_word' id='word_1_28' title='bbox 281 585 396 638; x_wconf 74' lang='lat' dir='ltr'><strong>qua,</strong></span> <span class='ocrx_word' id='word_1_29' title='bbox 416 567 524 624; x_wconf 89' lang='lat' dir='ltr'><strong>alia</strong></span> <span class='ocrx_word' id='word_1_30' title='bbox 553 566 638 630; x_wconf 89' lang='lat' dir='ltr'><strong>vi;</strong></span> <span class='ocrx_word' id='word_1_31' title='bbox 671 565 818 620; x_wconf 78' lang='lat' dir='ltr'><strong>Hist.</strong></span> <span class='ocrx_word' id='word_1_32' title='bbox 850 571 916 635; x_wconf 92' lang='grc'><strong>2,</strong></span> <span class='ocrx_word' id='word_1_33' title='bbox 949 569 1011 624; x_wconf 82' lang='lat'><strong>41</strong></span> <span class='ocrx_word' id='word_1_34' title='bbox 1063 592 1072 596; x_wconf 92' lang='lat'>·</span> 
     </span>
    </p>

    <p class='ocr_par' dir='ltr' id='par_1_3' title="bbox 134 635 2161 808">
     <span class='ocr_line' id='line_1_5' title="bbox 302 635 2161 726; baseline -0.002 -18"><span class='ocrx_word' id='word_1_35' title='bbox 302 647 414 720; x_wconf 87' lang='lat'><strong>30,</strong></span> <span class='ocrx_word' id='word_1_36' title='bbox 453 654 484 710; x_wconf 89' lang='grc'><strong>7</strong></span> <span class='ocrx_word' id='word_1_37' title='bbox 517 649 739 720; x_wconf 73' lang='lat' dir='ltr'><strong>dedymi</strong></span> <span class='ocrx_word' id='word_1_38' title='bbox 779 639 787 726; x_wconf 89' lang='grc' dir='ltr'>Ι</span> <span class='ocrx_word' id='word_1_39' title='bbox 827 655 890 706; x_wconf 92' lang='grc'><strong>11</strong></span> <span class='ocrx_word' id='word_1_40' title='bbox 927 649 1094 705; x_wconf 87' lang='lat' dir='ltr'><strong>alien.</strong></span> <span class='ocrx_word' id='word_1_41' title='bbox 1127 663 1200 702; x_wconf 85' lang='lat' dir='ltr'><strong>m.</strong></span> <span class='ocrx_word' id='word_1_42' title='bbox 1221 647 1491 703; x_wconf 74' lang='lat' dir='ltr'><strong>simulans</strong></span> <span class='ocrx_word' id='word_1_43' title='bbox 1518 635 1649 701; x_wconf 77' lang='lat' dir='ltr'><strong>incl.</strong></span> <span class='ocrx_word' id='word_1_44' title='bbox 1673 647 1921 721; x_wconf 66' lang='lat' dir='ltr'><strong>Bam-dc,</strong></span> <span class='ocrx_word' id='word_1_45' title='bbox 1950 650 2051 705; x_wconf 83' lang='lat' dir='ltr'><strong>clii</strong></span> <span class='ocrx_word' id='word_1_46' title='bbox 2076 667 2161 707; x_wconf 82' lang='lat' dir='ltr'><strong>vv.</strong></span> 
     </span>
     <span class='ocr_line' id='line_1_6' title="bbox 134 725 1725 808; baseline -0.004 -18"><span class='ocrx_word' id='word_1_47' title='bbox 134 725 293 808; x_wconf 83' lang='lat' dir='ltr'><strong>quasi</strong></span> <span class='ocrx_word' id='word_1_48' title='bbox 326 750 428 806; x_wconf 90' lang='lat' dir='ltr'><strong>per</strong></span> <span class='ocrx_word' id='word_1_49' title='bbox 450 733 778 790; x_wconf 89' lang='lat' dir='ltr'><strong>dementiam</strong></span> <span class='ocrx_word' id='word_1_50' title='bbox 801 739 910 805; x_wconf 76' lang='lat' dir='ltr'><strong>pr&#39;o</strong></span> <span class='ocrx_word' id='word_1_51' title='bbox 941 733 1263 804; x_wconf 76' lang='lat' dir='ltr'><strong>ylossemate</strong></span> <span class='ocrx_word' id='word_1_52' title='bbox 1288 731 1491 786; x_wconf 76' lang='lat' dir='ltr'><strong>habent</strong></span> <span class='ocrx_word' id='word_1_53' title='bbox 1720 772 1725 784; x_wconf 95' lang='lat'><em>.</em></span> 
     </span>
    </p>

    <p class='ocr_par' dir='ltr' id='par_1_4' title="bbox 231 809 1892 896">
     <span class='ocr_line' id='line_1_7' title="bbox 231 809 1892 896; baseline -0.004 -22"><span class='ocrx_word' id='word_1_54' title='bbox 231 821 242 832; x_wconf 62' lang='lat'><strong>⁶</strong></span> <span class='ocrx_word' id='word_1_55' title='bbox 303 813 374 874; x_wconf 87' lang='lat'><strong>31</strong></span> <span class='ocrx_word' id='word_1_56' title='bbox 401 857 420 888; x_wconf 85' lang='lat'><strong>,</strong></span> <span class='ocrx_word' id='word_1_57' title='bbox 463 823 532 878; x_wconf 92' lang='grc'><strong>13</strong></span> <span class='ocrx_word' id='word_1_58' title='bbox 559 817 736 889; x_wconf 78' lang='lat' dir='ltr'><strong>gratis</strong></span> <span class='ocrx_word' id='word_1_59' title='bbox 775 809 785 896; x_wconf 96' lang='grc' dir='ltr'>Ι</span> <span class='ocrx_word' id='word_1_60' title='bbox 825 821 884 873; x_wconf 90' lang='lat' dir='ltr'><strong>ut</strong></span> <span class='ocrx_word' id='word_1_61' title='bbox 913 833 961 872; x_wconf 85' lang='lat' dir='ltr'><strong>a.</strong></span> <span class='ocrx_word' id='word_1_62' title='bbox 995 815 1329 887; x_wconf 51' lang='lat' dir='ltr'><strong>&amp;quintum</strong></span> <span class='ocrx_word' id='word_1_63' title='bbox 1362 815 1435 885; x_wconf 79' lang='lat' dir='ltr'>U,</span> <span class='ocrx_word' id='word_1_64' title='bbox 1464 831 1514 870; x_wconf 82' lang='grc' dir='ltr'><strong>υ.</strong></span> <span class='ocrx_word' id='word_1_65' title='bbox 1552 813 1632 870; x_wconf 83' lang='lat' dir='ltr'><strong>Ri</strong></span> <span class='ocrx_word' id='word_1_66' title='bbox 1658 814 1735 870; x_wconf 82' lang='lat' dir='ltr'><strong>ad</strong></span> <span class='ocrx_word' id='word_1_67' title='bbox 1760 813 1820 869; x_wconf 75' lang='lat' dir='ltr'><strong>h.</strong></span> <span class='ocrx_word' id='word_1_68' title='bbox 1854 815 1892 870; x_wconf 90' lang='lat' dir='ltr'><strong>l.</strong></span> 
     </span>
    </p>

    <p class='ocr_par' dir='ltr' id='par_1_5' title="bbox 121 891 2166 1059">
     <span class='ocr_line' id='line_1_8' title="bbox 299 891 2166 979; baseline -0.002 -20"><span class='ocrx_word' id='word_1_69' title='bbox 299 896 416 971; x_wconf 86' lang='grc'>32,-</span> <span class='ocrx_word' id='word_1_70' title='bbox 461 908 489 962; x_wconf 90' lang='grc'>1</span> <span class='ocrx_word' id='word_1_71' title='bbox 535 900 776 974; x_wconf 75' lang='lat' dir='ltr'><strong>principi</strong></span> <span class='ocrx_word' id='word_1_72' title='bbox 826 900 892 956; x_wconf 87' lang='grc' dir='ltr'><em>Η</em></span> <span class='ocrx_word' id='word_1_73' title='bbox 939 896 950 979; x_wconf 92' lang='grc' dir='ltr'>Ι</span> <span class='ocrx_word' id='word_1_74' title='bbox 1009 894 1142 970; x_wconf 72' lang='grc'><strong>33,</strong></span> <span class='ocrx_word' id='word_1_75' title='bbox 1176 909 1247 961; x_wconf 93' lang='grc'>10</span> <span class='ocrx_word' id='word_1_76' title='bbox 1287 899 1649 956; x_wconf 75' lang='lat' dir='ltr'><strong>exercitabas</strong></span> <span class='ocrx_word' id='word_1_77' title='bbox 1707 891 1719 976; x_wconf 92' lang='grc' dir='ltr'>Ι</span> <span class='ocrx_word' id='word_1_78' title='bbox 1778 903 1845 957; x_wconf 82' lang='grc'>14</span> <span class='ocrx_word' id='word_1_79' title='bbox 1887 895 1978 954; x_wconf 74' lang='grc' dir='ltr'><strong>Μ’.</strong></span> <span class='ocrx_word' id='word_1_80' title='bbox 2021 900 2166 956; x_wconf 83' lang='lat' dir='ltr'><strong>Bor-</strong></span> 
     </span>
     <span class='ocr_line' id='line_1_9' title="bbox 121 985 796 1059; baseline -0.006 -17"><span class='ocrx_word' id='word_1_81' title='bbox 121 986 310 1059; x_wconf 68' lang='lat' dir='ltr'><strong>qhesi:</strong></span> <span class='ocrx_word' id='word_1_82' title='bbox 350 985 419 1039; x_wconf 81' lang='grc' dir='ltr'><strong>Μ.</strong></span> <span class='ocrx_word' id='word_1_83' title='bbox 791 997 796 1004; x_wconf 78' lang='grc'>’</span> 
     </span>
    </p>

    <p class='ocr_par' dir='ltr' id='par_1_6' title="bbox 301 1061 2168 1144">
     <span class='ocr_line' id='line_1_10' title="bbox 301 1061 2168 1144; baseline -0.002 -17"><span class='ocrx_word' id='word_1_84' title='bbox 301 1065 417 1139; x_wconf 82' lang='grc'><strong>34,</strong></span> <span class='ocrx_word' id='word_1_85' title='bbox 457 1074 488 1128; x_wconf 90' lang='grc'>7</span> <span class='ocrx_word' id='word_1_86' title='bbox 523 1066 796 1125; x_wconf 80' lang='lat' dir='ltr'><strong>effinxere</strong></span> <span class='ocrx_word' id='word_1_87' title='bbox 826 1069 913 1144; x_wconf 71' lang='lat' dir='ltr'><strong>P:=</strong></span> <span class='ocrx_word' id='word_1_88' title='bbox 940 1068 1172 1126; x_wconf 72' lang='lat' dir='ltr'><strong>effluere</strong></span> <span class='ocrx_word' id='word_1_89' title='bbox 1209 1063 1513 1143; x_wconf 73' lang='lat' dir='ltr'><strong>(definiere</strong></span> <span class='ocrx_word' id='word_1_90' title='bbox 1542 1061 1628 1140; x_wconf 91' lang='lat' dir='ltr'><strong>B)</strong></span> <span class='ocrx_word' id='word_1_91' title='bbox 1679 1061 1691 1144; x_wconf 96' lang='grc' dir='ltr'>Ι</span> <span class='ocrx_word' id='word_1_92' title='bbox 1742 1075 1810 1127; x_wconf 89' lang='grc'><strong>10</strong></span> <span class='ocrx_word' id='word_1_93' title='bbox 1842 1063 2010 1126; x_wconf 83' lang='lat' dir='ltr'><strong>aliter</strong></span> <span class='ocrx_word' id='word_1_94' title='bbox 2040 1083 2168 1124; x_wconf 84' lang='lat' dir='ltr'><strong>esse</strong></span> 
     </span>
    </p>
   </div>
   <div class='ocr_carea' id='block_1_3' title="bbox 24 1151 2171 1233">
    <p class='ocr_par' dir='ltr' id='par_1_7' title="bbox 24 1151 2171 1233">
     <span class='ocr_line' id='line_1_11' title="bbox 24 1151 2171 1233; baseline -0.002 -22"><span class='ocrx_word' id='word_1_95' title='bbox 24 1167 33 1172; x_wconf 88' lang='grc'><strong>’</strong></span> <span class='ocrx_word' id='word_1_96' title='bbox 129 1151 359 1223; x_wconf 84' lang='lat' dir='ltr'><strong>soside,</strong></span> <span class='ocrx_word' id='word_1_97' title='bbox 398 1153 799 1210; x_wconf 74' lang='lat' dir='ltr'><strong>emendavimus</strong></span> <span class='ocrx_word' id='word_1_98' title='bbox 843 1151 1188 1224; x_wconf 70' lang='lat' dir='ltr'><strong>Spenqelium</strong></span> <span class='ocrx_word' id='word_1_99' title='bbox 1225 1153 1422 1233; x_wconf 78' lang='lat' dir='ltr'><strong>secuti,</strong></span> <span class='ocrx_word' id='word_1_100' title='bbox 1463 1155 1562 1224; x_wconf 80' lang='lat' dir='ltr'><strong>qm·</strong></span> <span class='ocrx_word' id='word_1_101' title='bbox 1595 1155 1775 1206; x_wconf 73' lang='lat' dir='ltr'><strong>tamen</strong></span> <span class='ocrx_word' id='word_1_102' title='bbox 1816 1151 1962 1208; x_wconf 85' lang='lat' dir='ltr'><strong>alios</strong></span> <span class='ocrx_word' id='word_1_103' title='bbox 1992 1158 2079 1207; x_wconf 86' lang='lat' dir='ltr'><strong>ter</strong></span> <span class='ocrx_word' id='word_1_104' title='bbox 2112 1151 2171 1208; x_wconf 91' lang='lat' dir='ltr'><strong>S.</strong></span> 
     </span>
    </p>
   </div>
   <div class='ocr_carea' id='block_1_4' title="bbox 51 1232 2177 2067">
    <p class='ocr_par' dir='ltr' id='par_1_8' title="bbox 125 1232 2169 1315">
     <span class='ocr_line' id='line_1_12' title="bbox 125 1232 2169 1310; baseline 0 -18"><span class='ocrx_word' id='word_1_105' title='bbox 125 1239 352 1300; x_wconf 63' lang='lat' dir='ltr'><strong>malum</strong></span> <span class='ocrx_word' id='word_1_106' title='bbox 396 1237 559 1293; x_wconf 83' lang='lat' dir='ltr'><strong>alites</strong></span> <span class='ocrx_word' id='word_1_107' title='bbox 591 1234 914 1292; x_wconf 83' lang='lat' dir='ltr'><strong>Sesostride</strong></span> <span class='ocrx_word' id='word_1_108' title='bbox 944 1235 997 1291; x_wconf 87' lang='lat' dir='ltr'><em>R</em></span> <span class='ocrx_word' id='word_1_109' title='bbox 1043 1232 1349 1309; x_wconf 83' lang='lat' dir='ltr'><strong>(Sesoside</strong></span> <span class='ocrx_word' id='word_1_110' title='bbox 1380 1250 1482 1292; x_wconf 85' lang='lat' dir='ltr'><strong>em.</strong></span> <span class='ocrx_word' id='word_1_111' title='bbox 1517 1235 1563 1290; x_wconf 85' lang='lat' dir='ltr'><strong><em>J</em></strong></span> <span class='ocrx_word' id='word_1_112' title='bbox 1570 1234 1616 1291; x_wconf 82' lang='lat' dir='ltr'><em>G</em></span> <span class='ocrx_word' id='word_1_113' title='bbox 1657 1249 1733 1290; x_wconf 78' lang='lat' dir='ltr'><strong>ea:</strong></span> <span class='ocrx_word' id='word_1_114' title='bbox 1760 1235 1923 1290; x_wconf 84' lang='lat' dir='ltr'><strong>Diod.</strong></span> <span class='ocrx_word' id='word_1_115' title='bbox 1956 1241 2021 1305; x_wconf 87' lang='lat'><strong>1,</strong></span> <span class='ocrx_word' id='word_1_116' title='bbox 2050 1232 2169 1310; x_wconf 84' lang='lat'>53).</span> 
     </span>
    </p>

    <p class='ocr_par' dir='ltr' id='par_1_9' title="bbox 51 1316 2175 1561">
     <span class='ocr_line' id='line_1_13' title="bbox 127 1316 2175 1391; baseline -0.002 -13"><span class='ocrx_word' id='word_1_117' title='bbox 127 1323 217 1378; x_wconf 85' lang='lat' dir='ltr'><strong>De</strong></span> <span class='ocrx_word' id='word_1_118' title='bbox 257 1321 573 1377; x_wconf 75' lang='lat' dir='ltr'><strong>coniectura</strong></span> <span class='ocrx_word' id='word_1_119' title='bbox 611 1319 875 1376; x_wconf 78' lang='lat' dir='ltr'><strong>Rhenani</strong></span> <span class='ocrx_word' id='word_1_120' title='bbox 919 1318 1241 1391; x_wconf 75' lang='lat' dir='ltr'><strong>Spenyelius</strong></span> <span class='ocrx_word' id='word_1_121' title='bbox 1278 1316 1436 1375; x_wconf 49' lang='lat' dir='ltr'><strong>reete</strong></span> <span class='ocrx_word' id='word_1_122' title='bbox 1470 1321 1674 1374; x_wconf 79' lang='lat' dir='ltr'><strong>monuit</strong></span> <span class='ocrx_word' id='word_1_123' title='bbox 1718 1335 1831 1376; x_wconf 83' lang='lat' dir='ltr'><strong>voc.</strong></span> <span class='ocrx_word' id='word_1_124' title='bbox 1876 1319 2039 1376; x_wconf 78' lang='lat' dir='ltr'><strong>alites</strong></span> <span class='ocrx_word' id='word_1_125' title='bbox 2084 1320 2175 1375; x_wconf 77' lang='lat' dir='ltr'><strong>hic</strong></span> 
     </span>
     <span class='ocr_line' id='line_1_14' title="bbox 51 1386 2169 1482; baseline 0 -21"><span class='ocrx_word' id='word_1_126' title='bbox 51 1386 60 1400; x_wconf 78' lang='grc'><em>’</em></span> <span class='ocrx_word' id='word_1_127' title='bbox 125 1409 314 1477; x_wconf 79' lang='lat' dir='ltr'><strong>inepto</strong></span> <span class='ocrx_word' id='word_1_128' title='bbox 359 1405 476 1472; x_wconf 77' lang='lat' dir='ltr'><strong>loco</strong></span> <span class='ocrx_word' id='word_1_129' title='bbox 511 1404 754 1476; x_wconf 76' lang='lat' dir='ltr'><strong>positum</strong></span> <span class='ocrx_word' id='word_1_130' title='bbox 793 1404 982 1461; x_wconf 77' lang='lat' dir='ltr'><strong>videri.</strong></span> <span class='ocrx_word' id='word_1_131' title='bbox 1043 1395 1052 1482; x_wconf 96' lang='grc' dir='ltr'>Ι</span> <span class='ocrx_word' id='word_1_132' title='bbox 1111 1408 1176 1465; x_wconf 89' lang='grc'><strong>17</strong></span> <span class='ocrx_word' id='word_1_133' title='bbox 1209 1421 1280 1459; x_wconf 85' lang='lat' dir='ltr'><strong>ex</strong></span> <span class='ocrx_word' id='word_1_134' title='bbox 1321 1403 1409 1460; x_wconf 89' lang='lat' dir='ltr'><strong>his</strong></span> <span class='ocrx_word' id='word_1_135' title='bbox 1458 1396 1495 1482; x_wconf 95' lang='grc' dir='ltr'>Ι</span> <span class='ocrx_word' id='word_1_136' title='bbox 1525 1409 1591 1463; x_wconf 90' lang='grc'><strong>18</strong></span> <span class='ocrx_word' id='word_1_137' title='bbox 1620 1420 1885 1460; x_wconf 86' lang='lat' dir='ltr'><strong>annorum</strong></span> <span class='ocrx_word' id='word_1_138' title='bbox 1913 1405 1981 1459; x_wconf 85' lang='grc' dir='ltr'><strong>Μ.</strong></span> <span class='ocrx_word' id='word_1_139' title='bbox 2020 1401 2089 1481; x_wconf 84' lang='lat' dir='ltr'><strong>(i.</strong></span> <span class='ocrx_word' id='word_1_140' title='bbox 2122 1419 2169 1462; x_wconf 85' lang='lat' dir='ltr'><strong>e.</strong></span> 
     </span>
     <span class='ocr_line' id='line_1_15' title="bbox 129 1483 1315 1561; baseline -0.003 -17"><span class='ocrx_word' id='word_1_141' title='bbox 129 1483 321 1561; x_wconf 80' lang='lat' dir='ltr'><strong>mille)</strong></span> <span class='ocrx_word' id='word_1_142' title='bbox 361 1502 592 1556; x_wconf 74' lang='lat' dir='ltr'><strong>numero</strong></span> <span class='ocrx_word' id='word_1_143' title='bbox 617 1485 686 1544; x_wconf 89' lang='lat' dir='ltr'><em>H</em></span> <span class='ocrx_word' id='word_1_144' title='bbox 1310 1548 1315 1559; x_wconf 52' lang='grc'>,</span> 
     </span>
    </p>

    <p class='ocr_par' dir='ltr' id='par_1_10' title="bbox 127 1565 2177 2067">
     <span class='ocr_line' id='line_1_16' title="bbox 307 1565 2173 1649; baseline 0.001 -20"><span class='ocrx_word' id='word_1_145' title='bbox 307 1566 426 1642; x_wconf 85' lang='grc'><strong>35,</strong></span> <span class='ocrx_word' id='word_1_146' title='bbox 465 1577 498 1628; x_wconf 98' lang='grc'>2</span> <span class='ocrx_word' id='word_1_147' title='bbox 531 1569 732 1630; x_wconf 78' lang='lat' dir='ltr'><strong>rectuli</strong></span> <span class='ocrx_word' id='word_1_148' title='bbox 780 1565 790 1649; x_wconf 96' lang='grc' dir='ltr'>Ι</span> <span class='ocrx_word' id='word_1_149' title='bbox 841 1578 905 1631; x_wconf 90' lang='grc'><strong>11</strong></span> <span class='ocrx_word' id='word_1_150' title='bbox 941 1574 1281 1644; x_wconf 73' lang='lat' dir='ltr'><strong>arguebatur</strong></span> <span class='ocrx_word' id='word_1_151' title='bbox 1305 1571 1399 1628; x_wconf 75' lang='lat' dir='ltr'><strong>Ee·</strong></span> <span class='ocrx_word' id='word_1_152' title='bbox 1425 1573 1766 1643; x_wconf 78' lang='lat' dir='ltr'><strong>urgebatur,</strong></span> <span class='ocrx_word' id='word_1_153' title='bbox 1808 1573 1959 1645; x_wconf 81' lang='lat' dir='ltr'><strong>quod</strong></span> <span class='ocrx_word' id='word_1_154' title='bbox 1993 1579 2173 1630; x_wconf 82' lang='lat' dir='ltr'><strong>ortum</strong></span> 
     </span>
     <span class='ocr_line' id='line_1_17' title="bbox 129 1656 2171 1728; baseline 0 -16"><span class='ocrx_word' id='word_1_155' title='bbox 129 1662 216 1712; x_wconf 76' lang='lat' dir='ltr'><strong>est</strong></span> <span class='ocrx_word' id='word_1_156' title='bbox 255 1671 330 1711; x_wconf 77' lang='lat' dir='ltr'><strong>ex</strong></span> <span class='ocrx_word' id='word_1_157' title='bbox 363 1656 547 1712; x_wconf 79' lang='lat' dir='ltr'><strong>leviter</strong></span> <span class='ocrx_word' id='word_1_158' title='bbox 589 1656 896 1728; x_wconf 75' lang='lat' dir='ltr'><strong>depravata</strong></span> <span class='ocrx_word' id='word_1_159' title='bbox 934 1659 1216 1728; x_wconf 74' lang='lat' dir='ltr'><strong>scriptura</strong></span> <span class='ocrx_word' id='word_1_160' title='bbox 1259 1656 1602 1728; x_wconf 78' lang='lat' dir='ltr'><strong>urguebatur</strong></span> <span class='ocrx_word' id='word_1_161' title='bbox 1616 1697 1633 1727; x_wconf 95' lang='lat'><strong>,</strong></span> <span class='ocrx_word' id='word_1_162' title='bbox 1686 1673 1735 1711; x_wconf 82' lang='lat' dir='ltr'><strong>v.</strong></span> <span class='ocrx_word' id='word_1_163' title='bbox 1777 1656 1995 1712; x_wconf 78' lang='lat' dir='ltr'><strong>Hercei</strong></span> <span class='ocrx_word' id='word_1_164' title='bbox 2029 1657 2171 1713; x_wconf 74' lang='lat' dir='ltr'><strong>smd.</strong></span> 
     </span>
     <span class='ocr_line' id='line_1_18' title="bbox 129 1731 2177 1820; baseline 0 -24"><span class='ocrx_word' id='word_1_165' title='bbox 129 1743 258 1796; x_wconf 80' lang='lat' dir='ltr'><strong>crit.</strong></span> <span class='ocrx_word' id='word_1_166' title='bbox 292 1741 348 1809; x_wconf 90' lang='lat'><strong>1,</strong></span> <span class='ocrx_word' id='word_1_167' title='bbox 382 1745 452 1799; x_wconf 92' lang='grc'><strong>88</strong></span> <span class='ocrx_word' id='word_1_168' title='bbox 486 1731 500 1817; x_wconf 92' lang='grc' dir='ltr'>Ι</span> <span class='ocrx_word' id='word_1_169' title='bbox 537 1747 604 1802; x_wconf 87' lang='grc'>19</span> <span class='ocrx_word' id='word_1_170' title='bbox 634 1741 704 1798; x_wconf 86' lang='lat' dir='ltr'><strong>ab</strong></span> <span class='ocrx_word' id='word_1_171' title='bbox 733 1741 822 1796; x_wconf 88' lang='lat' dir='ltr'><strong>B.-</strong></span> <span class='ocrx_word' id='word_1_172' title='bbox 864 1741 932 1798; x_wconf 83' lang='lat' dir='ltr'><strong>ad</strong></span> <span class='ocrx_word' id='word_1_173' title='bbox 972 1733 982 1820; x_wconf 97' lang='grc' dir='ltr'>Ι</span> <span class='ocrx_word' id='word_1_174' title='bbox 1019 1747 1084 1801; x_wconf 86' lang='grc'><strong>21</strong></span> <span class='ocrx_word' id='word_1_175' title='bbox 1116 1742 1322 1810; x_wconf 86' lang='lat' dir='ltr'><strong>anteit,</strong></span> <span class='ocrx_word' id='word_1_176' title='bbox 1362 1756 1463 1798; x_wconf 84' lang='lat' dir='ltr'><strong>em.</strong></span> <span class='ocrx_word' id='word_1_177' title='bbox 1500 1739 1643 1803; x_wconf 84' lang='lat' dir='ltr'><strong>Hm,</strong></span> <span class='ocrx_word' id='word_1_178' title='bbox 1683 1745 1745 1794; x_wconf 78' lang='lat' dir='ltr'><strong>ut</strong></span> <span class='ocrx_word' id='word_1_179' title='bbox 1775 1747 1856 1796; x_wconf 73' lang='lat' dir='ltr'><strong>esi</strong></span> <span class='ocrx_word' id='word_1_180' title='bbox 1884 1747 1984 1813; x_wconf 88' lang='grc'>13,</span> <span class='ocrx_word' id='word_1_181' title='bbox 2019 1748 2089 1802; x_wconf 87' lang='grc'><strong>30</strong></span> <span class='ocrx_word' id='word_1_182' title='bbox 2122 1747 2177 1798; x_wconf 78' lang='lat' dir='ltr'><strong>et</strong></span> 
     </span>
     <span class='ocr_line' id='line_1_19' title="bbox 133 1825 2172 1896; baseline 0.001 -13"><span class='ocrx_word' id='word_1_183' title='bbox 133 1833 232 1893; x_wconf 88' lang='grc'>15,</span> <span class='ocrx_word' id='word_1_184' title='bbox 264 1830 360 1889; x_wconf 92' lang='grc'>38;</span> <span class='ocrx_word' id='word_1_185' title='bbox 404 1826 462 1879; x_wconf 83' lang='lat' dir='ltr'><strong>in</strong></span> <span class='ocrx_word' id='word_1_186' title='bbox 482 1825 738 1896; x_wconf 81' lang='lat' dir='ltr'><strong>perfecto</strong></span> <span class='ocrx_word' id='word_1_187' title='bbox 767 1825 970 1882; x_wconf 76' lang='lat' dir='ltr'><strong>habent</strong></span> <span class='ocrx_word' id='word_1_188' title='bbox 996 1827 1104 1881; x_wconf 84' lang='lat' dir='ltr'><strong>duo</strong></span> <span class='ocrx_word' id='word_1_189' title='bbox 1139 1825 1375 1882; x_wconf 81' lang='lat' dir='ltr'><strong>Medicei</strong></span> <span class='ocrx_word' id='word_1_190' title='bbox 1402 1825 1599 1880; x_wconf 78' lang='lat' dir='ltr'><strong>introit</strong></span> <span class='ocrx_word' id='word_1_191' title='bbox 1633 1831 1692 1892; x_wconf 87' lang='lat'><strong>1,</strong></span> <span class='ocrx_word' id='word_1_192' title='bbox 1720 1830 1820 1894; x_wconf 83' lang='lat'><strong>25,</strong></span> <span class='ocrx_word' id='word_1_193' title='bbox 1850 1826 1968 1881; x_wconf 88' lang='lat' dir='ltr'><strong>abit</strong></span> <span class='ocrx_word' id='word_1_194' title='bbox 1999 1834 2085 1896; x_wconf 87' lang='lat'><strong>15,</strong></span> <span class='ocrx_word' id='word_1_195' title='bbox 2117 1833 2172 1896; x_wconf 88' lang='lat'><strong>5,</strong></span> 
     </span>
     <span class='ocr_line' id='line_1_20' title="bbox 128 1909 2169 1980; baseline 0 -16"><span class='ocrx_word' id='word_1_196' title='bbox 128 1909 236 1964; x_wconf 87' lang='lat' dir='ltr'><strong>init</strong></span> <span class='ocrx_word' id='word_1_197' title='bbox 265 1914 363 1978; x_wconf 87' lang='lat'><strong>13,</strong></span> <span class='ocrx_word' id='word_1_198' title='bbox 395 1909 651 1977; x_wconf 80' lang='lat' dir='ltr'><strong>23‚--obit</strong></span> <span class='ocrx_word' id='word_1_199' title='bbox 683 1914 786 1980; x_wconf 87' lang='lat'><strong>14,</strong></span> <span class='ocrx_word' id='word_1_200' title='bbox 815 1913 917 1980; x_wconf 83' lang='lat'>47,</span> <span class='ocrx_word' id='word_1_201' title='bbox 961 1910 1162 1966; x_wconf 79' lang='lat' dir='ltr'><strong>transit</strong></span> <span class='ocrx_word' id='word_1_202' title='bbox 1194 1914 1293 1978; x_wconf 77' lang='lat'><strong>14,</strong></span> <span class='ocrx_word' id='word_1_203' title='bbox 1325 1913 1425 1977; x_wconf 90' lang='grc'><strong>21,</strong></span> <span class='ocrx_word' id='word_1_204' title='bbox 1470 1909 1566 1978; x_wconf 80' lang='lat' dir='ltr'><strong>qui</strong></span> <span class='ocrx_word' id='word_1_205' title='bbox 1591 1909 1768 1977; x_wconf 81' lang='lat' dir='ltr'><strong>pauci</strong></span> <span class='ocrx_word' id='word_1_206' title='bbox 1806 1909 1914 1963; x_wconf 87' lang='lat' dir='ltr'><strong>loci</strong></span> <span class='ocrx_word' id='word_1_207' title='bbox 1950 1909 2009 1963; x_wconf 82' lang='lat' dir='ltr'><strong>in</strong></span> <span class='ocrx_word' id='word_1_208' title='bbox 2043 1924 2169 1964; x_wconf 83' lang='lat' dir='ltr'><strong>cen-</strong></span> 
     </span>
     <span class='ocr_line' id='line_1_21' title="bbox 127 1990 2177 2067; baseline 0 -18"><span class='ocrx_word' id='word_1_209' title='bbox 127 2010 252 2049; x_wconf 79' lang='lat' dir='ltr'><strong>sum</strong></span> <span class='ocrx_word' id='word_1_210' title='bbox 279 1995 463 2050; x_wconf 81' lang='lat' dir='ltr'><strong>venire</strong></span> <span class='ocrx_word' id='word_1_211' title='bbox 492 2011 603 2050; x_wconf 80' lang='lat' dir='ltr'><strong>non</strong></span> <span class='ocrx_word' id='word_1_212' title='bbox 633 1990 866 2066; x_wconf 81' lang='lat' dir='ltr'><strong>possu&#39;nc</strong></span> <span class='ocrx_word' id='word_1_213' title='bbox 891 1996 948 2050; x_wconf 82' lang='lat' dir='ltr'><strong>in</strong></span> <span class='ocrx_word' id='word_1_214' title='bbox 976 2010 1180 2067; x_wconf 71' lang='lat' dir='ltr'><strong>maqna</strong></span> <span class='ocrx_word' id='word_1_215' title='bbox 1207 1993 1369 2064; x_wconf 81' lang='lat' dir='ltr'><strong>copia</strong></span> <span class='ocrx_word' id='word_1_216' title='bbox 1400 2006 1617 2056; x_wconf 83' lang='lat' dir='ltr'><strong>eorum,</strong></span> <span class='ocrx_word' id='word_1_217' title='bbox 1659 1990 1716 2045; x_wconf 83' lang='lat' dir='ltr'><strong>in</strong></span> <span class='ocrx_word' id='word_1_218' title='bbox 1743 1990 1937 2063; x_wconf 77' lang='lat' dir='ltr'><strong>quibus</strong></span> <span class='ocrx_word' id='word_1_219' title='bbox 1966 1992 2177 2065; x_wconf 79' lang='lat' dir='ltr'><strong>duplex</strong></span> 
     </span>
    </p>
   </div>
   <div class='ocr_carea' id='block_1_5' title="bbox 17 2071 2169 2154">
    <p class='ocr_par' dir='ltr' id='par_1_11' title="bbox 17 2071 2169 2154">
     <span class='ocr_line' id='line_1_22' title="bbox 17 2071 2169 2154; baseline -0 -21"><span class='ocrx_word' id='word_1_220' title='bbox 17 2084 28 2093; x_wconf 80' lang='grc'><strong><em>’</em></strong></span> <span class='ocrx_word' id='word_1_221' title='bbox 127 2077 151 2133; x_wconf 89' lang='lat' dir='ltr'><strong>i</strong></span> <span class='ocrx_word' id='word_1_222' title='bbox 197 2095 234 2132; x_wconf 88' lang='lat' dir='ltr'><strong>a</strong></span> <span class='ocrx_word' id='word_1_223' title='bbox 273 2077 428 2132; x_wconf 81' lang='lat' dir='ltr'><strong>codd.</strong></span> <span class='ocrx_word' id='word_1_224' title='bbox 470 2078 674 2133; x_wconf 74' lang='lat' dir='ltr'><strong>tradita</strong></span> <span class='ocrx_word' id='word_1_225' title='bbox 701 2084 798 2134; x_wconf 79' lang='lat' dir='ltr'><strong>est.</strong></span> <span class='ocrx_word' id='word_1_226' title='bbox 849 2071 861 2154; x_wconf 94' lang='grc' dir='ltr'>Ι</span> <span class='ocrx_word' id='word_1_227' title='bbox 911 2080 1170 2135; x_wconf 87' lang='lat' dir='ltr'><strong>hortante</strong></span> <span class='ocrx_word' id='word_1_228' title='bbox 1202 2076 1396 2134; x_wconf 83' lang='lat' dir='ltr'><strong>Sextia</strong></span> <span class='ocrx_word' id='word_1_229' title='bbox 1428 2072 1506 2130; x_wconf 83' lang='lat' dir='ltr'><strong>L.-</strong></span> <span class='ocrx_word' id='word_1_230' title='bbox 1548 2075 1838 2131; x_wconf 74' lang='lat' dir='ltr'><strong>hortantes</strong></span> <span class='ocrx_word' id='word_1_231' title='bbox 1874 2076 2046 2133; x_wconf 83' lang='lat' dir='ltr'><strong>exitia</strong></span> <span class='ocrx_word' id='word_1_232' title='bbox 2084 2075 2169 2152; x_wconf 89' lang='lat' dir='ltr'><strong>(h.</strong></span> 
     </span>
    </p>
   </div>
   <div class='ocr_carea' id='block_1_6' title="bbox 61 2158 2231 3580">
    <p class='ocr_par' dir='ltr' id='par_1_12' title="bbox 131 2158 2171 2323">
     <span class='ocr_line' id='line_1_23' title="bbox 131 2158 1597 2234; baseline 0.001 -18"><span class='ocrx_word' id='word_1_233' title='bbox 131 2160 376 2216; x_wconf 85' lang='lat' dir='ltr'><strong>Sextilia</strong></span> <span class='ocrx_word' id='word_1_234' title='bbox 418 2158 552 2234; x_wconf 87' lang='lat' dir='ltr'><strong>Wr)</strong></span> <span class='ocrx_word' id='word_1_235' title='bbox 1586 2182 1597 2195; x_wconf 52' lang='lat'>⁸</span> 
     </span>
     <span class='ocr_line' id='line_1_24' title="bbox 264 2234 2171 2323; baseline 0.002 -26"><span class='ocrx_word' id='word_1_236' title='bbox 264 2304 272 2317; x_wconf 35' lang='lat'><strong>¹</strong></span> <span class='ocrx_word' id='word_1_237' title='bbox 308 2238 422 2311; x_wconf 82' lang='lat'>36,</span> <span class='ocrx_word' id='word_1_238' title='bbox 461 2250 498 2301; x_wconf 87' lang='grc'><strong>3</strong></span> <span class='ocrx_word' id='word_1_239' title='bbox 529 2244 795 2318; x_wconf 74' lang='lat' dir='ltr'><strong>delationi</strong></span> <span class='ocrx_word' id='word_1_240' title='bbox 826 2246 893 2301; x_wconf 88' lang='lat' dir='ltr'><em>H</em></span> <span class='ocrx_word' id='word_1_241' title='bbox 933 2238 946 2323; x_wconf 93' lang='grc' dir='ltr'>Ι</span> <span class='ocrx_word' id='word_1_242' title='bbox 994 2252 1030 2305; x_wconf 87' lang='grc'>6</span> <span class='ocrx_word' id='word_1_243' title='bbox 1058 2244 1206 2317; x_wconf 86' lang='lat' dir='ltr'><strong>quod</strong></span> <span class='ocrx_word' id='word_1_244' title='bbox 1243 2243 1360 2299; x_wconf 83' lang='lat' dir='ltr'><strong>isse</strong></span> <span class='ocrx_word' id='word_1_245' title='bbox 1404 2242 1516 2300; x_wconf 88' lang='lat' dir='ltr'><strong>lani</strong></span> <span class='ocrx_word' id='word_1_246' title='bbox 1568 2234 1578 2322; x_wconf 97' lang='grc' dir='ltr'>Ι</span> <span class='ocrx_word' id='word_1_247' title='bbox 1630 2251 1698 2303; x_wconf 91' lang='grc'>10</span> <span class='ocrx_word' id='word_1_248' title='bbox 1726 2245 2050 2305; x_wconf 82' lang='lat' dir='ltr'><strong>severitatis</strong></span> <span class='ocrx_word' id='word_1_249' title='bbox 2085 2244 2137 2301; x_wconf 89' lang='lat' dir='ltr'><em>U</em></span> <span class='ocrx_word' id='word_1_250' title='bbox 2160 2236 2171 2322; x_wconf 83' lang='grc' dir='ltr'>Ι</span> 
     </span>
    </p>

    <p class='ocr_par' dir='ltr' id='par_1_13' title="bbox 131 2325 1261 2397">
     <span class='ocr_line' id='line_1_25' title="bbox 131 2325 1261 2397; baseline 0 -14"><span class='ocrx_word' id='word_1_251' title='bbox 131 2332 208 2385; x_wconf 87' lang='grc'><strong>22</strong></span> <span class='ocrx_word' id='word_1_252' title='bbox 242 2340 406 2397; x_wconf 86' lang='lat' dir='ltr'><strong>quam</strong></span> <span class='ocrx_word' id='word_1_253' title='bbox 429 2325 636 2389; x_wconf 81' lang='lat' dir='ltr'><strong>uisiare</strong></span> <span class='ocrx_word' id='word_1_254' title='bbox 661 2354 666 2367; x_wconf 84' lang='lat'>=</span> <span class='ocrx_word' id='word_1_255' title='bbox 1256 2358 1261 2365; x_wconf 46' lang='lat'>¹</span> 
     </span>
    </p>

    <p class='ocr_par' dir='ltr' id='par_1_14' title="bbox 61 2404 2178 2657">
     <span class='ocr_line' id='line_1_26' title="bbox 309 2404 2178 2490; baseline 0.002 -25"><span class='ocrx_word' id='word_1_256' title='bbox 309 2404 424 2478; x_wconf 88' lang='lat'><strong>37,</strong></span> <span class='ocrx_word' id='word_1_257' title='bbox 474 2415 506 2467; x_wconf 90' lang='lat'>5</span> <span class='ocrx_word' id='word_1_258' title='bbox 555 2416 918 2469; x_wconf 79' lang='lat' dir='ltr'><strong>execreuerat</strong></span> <span class='ocrx_word' id='word_1_259' title='bbox 967 2407 976 2487; x_wconf 89' lang='grc' dir='ltr'>Ι</span> <span class='ocrx_word' id='word_1_260' title='bbox 1023 2419 1060 2473; x_wconf 86' lang='grc'>6</span> <span class='ocrx_word' id='word_1_261' title='bbox 1099 2418 1160 2469; x_wconf 89' lang='lat' dir='ltr'><strong>ut</strong></span> <span class='ocrx_word' id='word_1_262' title='bbox 1205 2412 1439 2467; x_wconf 86' lang='lat' dir='ltr'><strong>inertem</strong></span> <span class='ocrx_word' id='word_1_263' title='bbox 1479 2413 1546 2468; x_wconf 90' lang='lat' dir='ltr'><em>H</em></span> <span class='ocrx_word' id='word_1_264' title='bbox 1586 2406 1597 2490; x_wconf 96' lang='grc' dir='ltr'>Ι</span> <span class='ocrx_word' id='word_1_265' title='bbox 1648 2419 1711 2471; x_wconf 88' lang='grc'><strong>11</strong></span> <span class='ocrx_word' id='word_1_266' title='bbox 1753 2414 1985 2486; x_wconf 85' lang='lat' dir='ltr'><strong>primum</strong></span> <span class='ocrx_word' id='word_1_267' title='bbox 2026 2412 2178 2483; x_wconf 71' lang='lat' dir='ltr'><strong>Cyro</strong></span> 
     </span>
     <span class='ocr_line' id='line_1_27' title="bbox 133 2490 2176 2575; baseline 0 -26"><span class='ocrx_word' id='word_1_268' title='bbox 133 2494 365 2549; x_wconf 78' lang='lat' dir='ltr'><strong>Baiter.-</strong></span> <span class='ocrx_word' id='word_1_269' title='bbox 401 2492 565 2563; x_wconf 76' lang='lat' dir='ltr'><strong>icyro</strong></span> <span class='ocrx_word' id='word_1_270' title='bbox 597 2490 705 2567; x_wconf 77' lang='lat' dir='ltr'><strong>(ex</strong></span> <span class='ocrx_word' id='word_1_271' title='bbox 731 2498 1012 2567; x_wconf 81' lang='lat' dir='ltr'><strong>scriptura</strong></span> <span class='ocrx_word' id='word_1_272' title='bbox 1039 2498 1062 2553; x_wconf 92' lang='lat'>1</span> <span class='ocrx_word' id='word_1_273' title='bbox 1089 2493 1293 2571; x_wconf 71' lang='lat' dir='ltr'><strong>cyro);</strong></span> <span class='ocrx_word' id='word_1_274' title='bbox 1340 2494 1491 2566; x_wconf 71' lang='lat' dir='ltr'><strong>Cyro</strong></span> <span class='ocrx_word' id='word_1_275' title='bbox 1522 2497 1576 2552; x_wconf 91' lang='lat' dir='ltr'><em>B</em></span> <span class='ocrx_word' id='word_1_276' title='bbox 1613 2490 1625 2575; x_wconf 93' lang='grc' dir='ltr'>Ι</span> <span class='ocrx_word' id='word_1_277' title='bbox 1677 2502 1743 2555; x_wconf 90' lang='grc'>19</span> <span class='ocrx_word' id='word_1_278' title='bbox 1769 2498 1866 2551; x_wconf 85' lang='lat' dir='ltr'><strong>alii</strong></span> <span class='ocrx_word' id='word_1_279' title='bbox 1892 2503 1949 2551; x_wconf 85' lang='lat' dir='ltr'><strong>et</strong></span> <span class='ocrx_word' id='word_1_280' title='bbox 1976 2502 2176 2569; x_wconf 85' lang='lat' dir='ltr'><strong>sponte</strong></span> 
     </span>
     <span class='ocr_line' id='line_1_28' title="bbox 61 2571 2177 2657; baseline 0.002 -25"><span class='ocrx_word' id='word_1_281' title='bbox 61 2642 70 2651; x_wconf 84' lang='lat'><em>.</em></span> <span class='ocrx_word' id='word_1_282' title='bbox 133 2576 512 2645; x_wconf 79' lang='lat' dir='ltr'><strong>scribendum,</strong></span> <span class='ocrx_word' id='word_1_283' title='bbox 557 2578 657 2633; x_wconf 82' lang='lat' dir='ltr'><strong>alii</strong></span> <span class='ocrx_word' id='word_1_284' title='bbox 671 2582 739 2633; x_wconf 76' lang='lat' dir='ltr'><strong>&#39;ut</strong></span> <span class='ocrx_word' id='word_1_285' title='bbox 773 2585 898 2634; x_wconf 73' lang='lat' dir='ltr'><strong>ante</strong></span> <span class='ocrx_word' id='word_1_286' title='bbox 923 2590 1101 2651; x_wconf 84' lang='lat' dir='ltr'><strong>genus</strong></span> <span class='ocrx_word' id='word_1_287' title='bbox 1132 2580 1419 2637; x_wconf 78' lang='lat' dir='ltr'><strong>delendum</strong></span> <span class='ocrx_word' id='word_1_288' title='bbox 1449 2594 1571 2635; x_wconf 81' lang='lat' dir='ltr'><strong>esse</strong></span> <span class='ocrx_word' id='word_1_289' title='bbox 1597 2580 1739 2636; x_wconf 78' lang='lat' dir='ltr'><strong>coni.</strong></span> <span class='ocrx_word' id='word_1_290' title='bbox 1790 2571 1802 2657; x_wconf 93' lang='grc' dir='ltr'>Ι</span> <span class='ocrx_word' id='word_1_291' title='bbox 1850 2584 1921 2638; x_wconf 89' lang='grc' dir='ltr'>2ο</span> <span class='ocrx_word' id='word_1_292' title='bbox 1948 2596 2177 2637; x_wconf 77' lang='lat' dir='ltr'><strong>arsaces</strong></span> 
     </span>
    </p>

    <p class='ocr_par' dir='ltr' id='par_1_15' title="bbox 131 2654 2231 2886">
     <span class='ocr_line' id='line_1_29' title="bbox 309 2654 2231 2738; baseline 0.004 -20"><span class='ocrx_word' id='word_1_293' title='bbox 309 2654 422 2732; x_wconf 85' lang='lat'><strong>38,</strong></span> <span class='ocrx_word' id='word_1_294' title='bbox 462 2666 496 2719; x_wconf 90' lang='grc'>2</span> <span class='ocrx_word' id='word_1_295' title='bbox 527 2668 690 2719; x_wconf 86' lang='lat' dir='ltr'><strong>asatu</strong></span> <span class='ocrx_word' id='word_1_296' title='bbox 737 2657 748 2738; x_wconf 92' lang='grc' dir='ltr'>Ι</span> <span class='ocrx_word' id='word_1_297' title='bbox 801 2669 868 2720; x_wconf 86' lang='grc'>10</span> <span class='ocrx_word' id='word_1_298' title='bbox 900 2665 1064 2721; x_wconf 89' lang='lat' dir='ltr'><strong>sumit</strong></span> <span class='ocrx_word' id='word_1_299' title='bbox 1094 2666 1172 2720; x_wconf 79' lang='lat' dir='ltr'><strong>L.-</strong></span> <span class='ocrx_word' id='word_1_300' title='bbox 1217 2655 1473 2729; x_wconf 75' lang='lat' dir='ltr'><strong>insumit3</strong></span> <span class='ocrx_word' id='word_1_301' title='bbox 1514 2664 1593 2737; x_wconf 81' lang='lat' dir='ltr'><strong>cf.</strong></span> <span class='ocrx_word' id='word_1_302' title='bbox 1639 2670 1822 2721; x_wconf 79' lang='lat' dir='ltr'><strong>tamen</strong></span> <span class='ocrx_word' id='word_1_303' title='bbox 1860 2664 1938 2718; x_wconf 84' lang='lat' dir='ltr'><strong>ad</strong></span> <span class='ocrx_word' id='word_1_304' title='bbox 1968 2670 2068 2734; x_wconf 83' lang='lat'><strong>14,</strong></span> <span class='ocrx_word' id='word_1_305' title='bbox 2109 2669 2180 2724; x_wconf 81' lang='lat'><strong>44</strong></span> <span class='ocrx_word' id='word_1_306' title='bbox 2219 2670 2231 2681; x_wconf 91' lang='lat'>&#39;</span> 
     </span>
     <span class='ocr_line' id='line_1_30' title="bbox 134 2736 2176 2883; baseline 0.002 -83"><span class='ocrx_word' id='word_1_307' title='bbox 134 2750 276 2883; x_wconf 45' lang='grc' dir='ltr'><strong>θεῶν.</strong></span> <span class='ocrx_word' id='word_1_308' title='bbox 305 2749 408 2883; x_wconf 54' lang='grc' dir='ltr'><strong>ὅθ,</strong></span> <span class='ocrx_word' id='word_1_309' title='bbox 437 2750 508 2806; x_wconf 80' lang='grc'><strong>23</strong></span> <span class='ocrx_word' id='word_1_310' title='bbox 543 2736 554 2823; x_wconf 94' lang='grc' dir='ltr'>Ι</span> <span class='ocrx_word' id='word_1_311' title='bbox 593 2752 662 2806; x_wconf 90' lang='grc'><strong>13</strong></span> <span class='ocrx_word' id='word_1_312' title='bbox 691 2746 880 2816; x_wconf 81' lang='lat' dir='ltr'><strong>diligit</strong></span> <span class='ocrx_word' id='word_1_313' title='bbox 917 2740 926 2825; x_wconf 94' lang='grc' dir='ltr'>Ι</span> <span class='ocrx_word' id='word_1_314' title='bbox 967 2753 1034 2807; x_wconf 91' lang='grc'>16</span> <span class='ocrx_word' id='word_1_315' title='bbox 1060 2750 1333 2821; x_wconf 80' lang='lat' dir='ltr'><strong>pluraque</strong></span> <span class='ocrx_word' id='word_1_316' title='bbox 1372 2752 1461 2805; x_wconf 83' lang='lat' dir='ltr'><strong>vir</strong></span> <span class='ocrx_word' id='word_1_317' title='bbox 1498 2748 1689 2805; x_wconf 75' lang='lat' dir='ltr'><strong>doctus</strong></span> <span class='ocrx_word' id='word_1_318' title='bbox 1714 2747 1937 2821; x_wconf 71' lang='lat' dir='ltr'><strong>quidam</strong></span> <span class='ocrx_word' id='word_1_319' title='bbox 1974 2740 1986 2828; x_wconf 96' lang='grc' dir='ltr'>Ι</span> <span class='ocrx_word' id='word_1_320' title='bbox 2025 2753 2090 2808; x_wconf 89' lang='grc'>17</span> <span class='ocrx_word' id='word_1_321' title='bbox 2120 2749 2176 2805; x_wconf 84' lang='grc' dir='ltr'><strong>ἰιι</strong></span> 
     </span>
     <span class='ocr_line' id='line_1_31' title="bbox 131 2832 420 2886; baseline 0.01 -3"><span class='ocrx_word' id='word_1_322' title='bbox 131 2846 170 2883; x_wconf 86' lang='grc' dir='ltr'><em>α</em></span> <span class='ocrx_word' id='word_1_323' title='bbox 252 2868 267 2882; x_wconf 95' lang='grc'><strong>.</strong></span> <span class='ocrx_word' id='word_1_324' title='bbox 349 2832 420 2886; x_wconf 76' lang='lat' dir='ltr'><strong>tto</strong></span> 
     </span>
    </p>

    <p class='ocr_par' dir='ltr' id='par_1_16' title="bbox 134 2906 2180 3331">
     <span class='ocr_line' id='line_1_32' title="bbox 309 2906 2178 3004; baseline 0.002 -35"><span class='ocrx_word' id='word_1_325' title='bbox 309 2908 424 2984; x_wconf 87' lang='grc'><strong>39,</strong></span> <span class='ocrx_word' id='word_1_326' title='bbox 470 2921 506 2974; x_wconf 89' lang='grc'><strong>3</strong></span> <span class='ocrx_word' id='word_1_327' title='bbox 543 2915 706 2971; x_wconf 85' lang='lat' dir='ltr'><strong>simul</strong></span> <span class='ocrx_word' id='word_1_328' title='bbox 748 2914 944 2971; x_wconf 86' lang='lat' dir='ltr'><strong>haberi</strong></span> <span class='ocrx_word' id='word_1_329' title='bbox 993 2906 1004 2990; x_wconf 97' lang='grc' dir='ltr'>Ι</span> <span class='ocrx_word' id='word_1_330' title='bbox 1053 2922 1086 2975; x_wconf 91' lang='grc'><strong>6</strong></span> <span class='ocrx_word' id='word_1_331' title='bbox 1125 2917 1218 2973; x_wconf 90' lang='lat' dir='ltr'><strong>dat</strong></span> <span class='ocrx_word' id='word_1_332' title='bbox 1251 2919 1579 2974; x_wconf 86' lang='lat' dir='ltr'><strong>Parthorum</strong></span> <span class='ocrx_word' id='word_1_333' title='bbox 1611 2916 1869 3004; x_wconf 57' lang='lat' dir='ltr'><strong>palmer.-</strong></span> <span class='ocrx_word' id='word_1_334' title='bbox 1914 2918 2009 2973; x_wconf 85' lang='lat' dir='ltr'><strong>dat</strong></span> <span class='ocrx_word' id='word_1_335' title='bbox 2048 2930 2178 2988; x_wconf 82' lang='lat' dir='ltr'><strong>par-</strong></span> 
     </span>
     <span class='ocr_line' id='line_1_33' title="bbox 134 2992 2178 3074; baseline 0.001 -22"><span class='ocrx_word' id='word_1_336' title='bbox 134 2999 468 3069; x_wconf 82' lang='lat' dir='ltr'><strong>thorumque</strong></span> <span class='ocrx_word' id='word_1_337' title='bbox 482 3040 499 3068; x_wconf 94' lang='lat'><strong>,</strong></span> <span class='ocrx_word' id='word_1_338' title='bbox 533 3014 678 3071; x_wconf 64' lang='lat' dir='ltr'><strong>quae</strong></span> <span class='ocrx_word' id='word_1_339' title='bbox 716 3000 872 3054; x_wconf 80' lang='lat' dir='ltr'><strong>lectio</strong></span> <span class='ocrx_word' id='word_1_340' title='bbox 902 2998 1194 3070; x_wconf 78' lang='lat' dir='ltr'><strong>probabile</strong></span> <span class='ocrx_word' id='word_1_341' title='bbox 1232 3001 1375 3074; x_wconf 80' lang='lat' dir='ltr'><strong>facit</strong></span> <span class='ocrx_word' id='word_1_342' title='bbox 1410 3016 1607 3058; x_wconf 83' lang='lat' dir='ltr'><strong>nomen</strong></span> <span class='ocrx_word' id='word_1_343' title='bbox 1632 2992 1810 3074; x_wconf 69' lang='lat' dir='ltr'><strong>qentis&#39;</strong></span> <span class='ocrx_word' id='word_1_344' title='bbox 1830 3002 1903 3057; x_wconf 79' lang='lat' dir='ltr'><strong>cb</strong></span> <span class='ocrx_word' id='word_1_345' title='bbox 1929 3003 2178 3057; x_wconf 78' lang='lat' dir='ltr'><strong>similitu-</strong></span> 
     </span>
     <span class='ocr_line' id='line_1_34' title="bbox 135 3080 2180 3158; baseline 0.002 -23"><span class='ocrx_word' id='word_1_346' title='bbox 135 3080 318 3135; x_wconf 82' lang='lat' dir='ltr'><strong>dinem</strong></span> <span class='ocrx_word' id='word_1_347' title='bbox 356 3084 791 3139; x_wconf 79' lang='lat' dir='ltr'><strong>terminationum</strong></span> <span class='ocrx_word' id='word_1_348' title='bbox 824 3084 1194 3150; x_wconf 78' lang='lat' dir='ltr'><strong>intercidisse,</strong></span> <span class='ocrx_word' id='word_1_349' title='bbox 1237 3092 1299 3141; x_wconf 78' lang='lat' dir='ltr'><strong>ut</strong></span> <span class='ocrx_word' id='word_1_350' title='bbox 1329 3087 1413 3141; x_wconf 90' lang='lat' dir='ltr'><strong>Bz</strong></span> <span class='ocrx_word' id='word_1_351' title='bbox 1440 3088 1753 3158; x_wconf 73' lang='lat' dir='ltr'><strong>suspicatus</strong></span> <span class='ocrx_word' id='word_1_352' title='bbox 1782 3090 1863 3141; x_wconf 64' lang='lat' dir='ltr'><strong>est</strong></span> <span class='ocrx_word' id='word_1_353' title='bbox 1874 3108 1892 3145; x_wconf 93' lang='lat'>,·</span> <span class='ocrx_word' id='word_1_354' title='bbox 1922 3086 2018 3141; x_wconf 91' lang='lat' dir='ltr'><strong>dat</strong></span> <span class='ocrx_word' id='word_1_355' title='bbox 2048 3086 2180 3141; x_wconf 82' lang='lat' dir='ltr'><strong>Par-</strong></span> 
     </span>
     <span class='ocr_line' id='line_1_35' title="bbox 137 3163 2176 3247; baseline 0.003 -28"><span class='ocrx_word' id='word_1_356' title='bbox 137 3166 354 3220; x_wconf 88' lang='lat' dir='ltr'><strong>thorum</strong></span> <span class='ocrx_word' id='word_1_357' title='bbox 410 3164 778 3238; x_wconf 79' lang='lat' dir='ltr'><strong>Arioi-umque</strong></span> <span class='ocrx_word' id='word_1_358' title='bbox 827 3163 1062 3241; x_wconf 86' lang='lat' dir='ltr'><strong>(datque</strong></span> <span class='ocrx_word' id='word_1_359' title='bbox 1105 3169 1427 3227; x_wconf 85' lang='lat' dir='ltr'><strong>Parthorum</strong></span> <span class='ocrx_word' id='word_1_360' title='bbox 1470 3166 1553 3244; x_wconf 89' lang='lat' dir='ltr'><strong>B)</strong></span> <span class='ocrx_word' id='word_1_361' title='bbox 1613 3164 1623 3247; x_wconf 94' lang='grc' dir='ltr'>Ι</span> <span class='ocrx_word' id='word_1_362' title='bbox 1680 3177 1715 3231; x_wconf 90' lang='grc'>6</span> <span class='ocrx_word' id='word_1_363' title='bbox 1752 3170 2028 3241; x_wconf 85' lang='lat' dir='ltr'><strong>mittitque</strong></span> <span class='ocrx_word' id='word_1_364' title='bbox 2083 3170 2176 3241; x_wconf 91' lang='lat' dir='ltr'><strong>qui</strong></span> 
     </span>
     <span class='ocr_line' id='line_1_36' title="bbox 136 3246 2176 3331; baseline 0.002 -26"><span class='ocrx_word' id='word_1_365' title='bbox 136 3248 346 3305; x_wconf 85' lang='lat' dir='ltr'><strong>auxilia</strong></span> <span class='ocrx_word' id='word_1_366' title='bbox 371 3252 626 3307; x_wconf 80' lang='lat' dir='ltr'><strong>mercede</strong></span> <span class='ocrx_word' id='word_1_367' title='bbox 652 3259 1010 3309; x_wconf 84' lang='lat' dir='ltr'><strong>arcesserent</strong></span> <span class='ocrx_word' id='word_1_368' title='bbox 1036 3253 1099 3309; x_wconf 88' lang='grc' dir='ltr'><em>Η</em></span> <span class='ocrx_word' id='word_1_369' title='bbox 1131 3246 1142 3331; x_wconf 96' lang='grc' dir='ltr'>Ι</span> <span class='ocrx_word' id='word_1_370' title='bbox 1178 3257 1211 3312; x_wconf 94' lang='grc'>7</span> <span class='ocrx_word' id='word_1_371' title='bbox 1244 3252 1433 3310; x_wconf 84' lang='lat' dir='ltr'><strong>accire</strong></span> <span class='ocrx_word' id='word_1_372' title='bbox 1450 3255 1821 3327; x_wconf 51' lang='lat' dir='ltr'><strong>Gfaceipem</strong></span> <span class='ocrx_word' id='word_1_373' title='bbox 1858 3246 1869 3329; x_wconf 90' lang='grc' dir='ltr'>Ι</span> <span class='ocrx_word' id='word_1_374' title='bbox 1910 3261 1976 3313; x_wconf 92' lang='grc'>10</span> <span class='ocrx_word' id='word_1_375' title='bbox 2004 3252 2176 3310; x_wconf 77' lang='lat' dir='ltr'><strong>effunt</strong></span> 
     </span>
    </p>

    <p class='ocr_par' dir='ltr' id='par_1_17' title="bbox 131 3328 2176 3580">
     <span class='ocr_line' id='line_1_37' title="bbox 306 3328 2176 3417; baseline 0.002 -28"><span class='ocrx_word' id='word_1_376' title='bbox 306 3328 420 3402; x_wconf 90' lang='grc'>40,</span> <span class='ocrx_word' id='word_1_377' title='bbox 465 3341 500 3395; x_wconf 83' lang='grc'><strong>3</strong></span> <span class='ocrx_word' id='word_1_378' title='bbox 531 3335 586 3391; x_wconf 87' lang='lat' dir='ltr'><strong>in</strong></span> <span class='ocrx_word' id='word_1_379' title='bbox 617 3336 746 3390; x_wconf 82' lang='lat' dir='ltr'><strong>add.</strong></span> <span class='ocrx_word' id='word_1_380' title='bbox 778 3335 848 3390; x_wconf 82' lang='lat' dir='ltr'><em>M</em></span> <span class='ocrx_word' id='word_1_381' title='bbox 877 3328 888 3414; x_wconf 96' lang='grc' dir='ltr'>Ι</span> <span class='ocrx_word' id='word_1_382' title='bbox 927 3344 995 3395; x_wconf 92' lang='grc'>10</span> <span class='ocrx_word' id='word_1_383' title='bbox 1027 3345 1186 3395; x_wconf 79' lang='lat' dir='ltr'><strong>actae</strong></span> <span class='ocrx_word' id='word_1_384' title='bbox 1225 3329 1345 3417; x_wconf 85' lang='grc' dir='ltr'>Ι·13</span> <span class='ocrx_word' id='word_1_385' title='bbox 1374 3337 1603 3395; x_wconf 84' lang='lat' dir='ltr'><strong>derecta</strong></span> <span class='ocrx_word' id='word_1_386' title='bbox 1633 3338 1775 3394; x_wconf 88' lang='lat' dir='ltr'><strong>Hm.-</strong></span> <span class='ocrx_word' id='word_1_387' title='bbox 1818 3338 2063 3404; x_wconf 78' lang='lat' dir='ltr'><strong>directa:</strong></span> <span class='ocrx_word' id='word_1_388' title='bbox 2096 3338 2176 3411; x_wconf 77' lang='lat' dir='ltr'><strong>cf.</strong></span> 
     </span>
     <span class='ocr_line' id='line_1_38' title="bbox 135 3416 2173 3495; baseline 0.007 -22"><span class='ocrx_word' id='word_1_389' title='bbox 135 3422 204 3480; x_wconf 80' lang='lat'>2,</span> <span class='ocrx_word' id='word_1_390' title='bbox 234 3421 333 3479; x_wconf 80' lang='lat'><strong>45;</strong></span> <span class='ocrx_word' id='word_1_391' title='bbox 376 3416 452 3473; x_wconf 90' lang='lat' dir='ltr'><strong>H.</strong></span> <span class='ocrx_word' id='word_1_392' title='bbox 481 3423 549 3490; x_wconf 85' lang='lat'><strong>4,</strong></span> <span class='ocrx_word' id='word_1_393' title='bbox 580 3424 661 3479; x_wconf 89' lang='lat'><strong>16.</strong></span> <span class='ocrx_word' id='word_1_394' title='bbox 693 3426 791 3484; x_wconf 83' lang='lat'><strong>25;</strong></span> <span class='ocrx_word' id='word_1_395' title='bbox 837 3428 900 3490; x_wconf 92' lang='lat'><strong>5,</strong></span> <span class='ocrx_word' id='word_1_396' title='bbox 931 3424 1002 3479; x_wconf 89' lang='grc'><strong>23</strong></span> <span class='ocrx_word' id='word_1_397' title='bbox 1030 3428 1082 3477; x_wconf 79' lang='lat' dir='ltr'><strong>et</strong></span> <span class='ocrx_word' id='word_1_398' title='bbox 1106 3439 1157 3479; x_wconf 85' lang='lat' dir='ltr'><strong>v.</strong></span> <span class='ocrx_word' id='word_1_399' title='bbox 1194 3424 1355 3478; x_wconf 82' lang='lat' dir='ltr'><strong>etiam</strong></span> <span class='ocrx_word' id='word_1_400' title='bbox 1388 3428 1457 3493; x_wconf 87' lang='grc'><strong>2,</strong></span> <span class='ocrx_word' id='word_1_401' title='bbox 1488 3428 1587 3486; x_wconf 86' lang='grc'><strong>31;</strong></span> <span class='ocrx_word' id='word_1_402' title='bbox 1631 3429 1696 3495; x_wconf 82' lang='lat'><strong>4,</strong></span> <span class='ocrx_word' id='word_1_403' title='bbox 1727 3428 1844 3489; x_wconf 67' lang='grc'>40;’</span> <span class='ocrx_word' id='word_1_404' title='bbox 1872 3423 1948 3484; x_wconf 82' lang='grc' dir='ltr'><strong>Η.</strong></span> <span class='ocrx_word' id='word_1_405' title='bbox 1982 3430 2048 3495; x_wconf 90' lang='grc'><strong>2,</strong></span> <span class='ocrx_word' id='word_1_406' title='bbox 2078 3430 2173 3487; x_wconf 80' lang='grc'>35;</span> 
     </span>
     <span class='ocr_line' id='line_1_39' title="bbox 131 3502 1665 3580; baseline 0.003 -22"><span class='ocrx_word' id='word_1_407' title='bbox 131 3505 202 3570; x_wconf 88' lang='lat'><strong>4,</strong></span> <span class='ocrx_word' id='word_1_408' title='bbox 235 3506 304 3560; x_wconf 86' lang='lat'><strong>58</strong></span> <span class='ocrx_word' id='word_1_409' title='bbox 331 3502 452 3557; x_wconf 86' lang='lat' dir='ltr'><strong>coll.</strong></span> <span class='ocrx_word' id='word_1_410' title='bbox 481 3502 828 3560; x_wconf 76' lang='lat' dir='ltr'><strong>Lachmanni</strong></span> <span class='ocrx_word' id='word_1_411' title='bbox 860 3521 1053 3562; x_wconf 88' lang='lat' dir='ltr'><strong>comm.</strong></span> <span class='ocrx_word' id='word_1_412' title='bbox 1083 3506 1163 3562; x_wconf 82' lang='lat' dir='ltr'><strong>ad</strong></span> <span class='ocrx_word' id='word_1_413' title='bbox 1191 3508 1420 3563; x_wconf 69' lang='lat' dir='ltr'><strong>Luci-et.</strong></span> <span class='ocrx_word' id='word_1_414' title='bbox 1446 3523 1512 3580; x_wconf 82' lang='lat' dir='ltr'><strong>p.</strong></span> <span class='ocrx_word' id='word_1_415' title='bbox 1544 3512 1665 3568; x_wconf 82' lang='lat'><strong>247.</strong></span> 
     </span>
    </p>
   </div>
  </div>
 </body>
</html>
