2475 4000
378 185 457 246 68
875 159 1202 244 connum
1247 195 1478 244 uon-1
1506 195 1874 244 ANNALIUM
2448 0 2460 224 ἲ

376 351 548 410 funda
582 349 855 425 altitudo,
893 349 1063 414 nullis
1094 351 1490 428 inquirentium
1523 349 1722 428 spatiis
1755 347 2152 426 penetrabili-s.
2226 348 2408 405 exim

376 442 607 493 ventum
638 433 1060 512 Elephantinen
1103 453 1172 493 ac
1205 435 1468 510 Syenen,
1514 433 1762 492 claustra
1800 430 1936 491 olim
1981 432 2236 491 Romani
2291 434 2407 489 im-

377 518 563 596 perii,
600 516 754 595 quod
785 535 933 576 nunc
961 517 1193 577 rubrum
1226 517 1299 577 ad
1325 519 1484 576 ma're
1516 515 1782 595 patescit.
2459 517 2461 584 ζ

503 600 603 661 62.
662 600 810 661 Dum
866 619 935 660 ea
988 610 1178 662 aestas
1230 599 1568 661 Germanico
1629 599 1826 680 plures
1879 617 1985 677 per
2037 599 2406 676 provincias
2458 649 2461 656 .

376 685 741 761 transigitur,
787 683 937 744 haud
979 685 1111 744 leve
1154 684 1332 744 decus
1363 683 1580 742 Drusus
1614 684 1898 760 quaesivit
1935 681 2200 740 inliciens
2239 681 2404 742 Ger-

374 787 575 828 manos
617 767 690 828 ad
734 767 1051 828 discordias
1094 777 1268 846 utque
1315 768 1503 828 fracto
1545 767 1656 826 iam
1693 765 2052 825 Maroboduo
2091 783 2290 842 usque
2337 768 2404 823 in

378 853 611 913 exitium
650 851 1035 912 insisteretur.
1108 860 1233 912 erat
1277 853 1423 911 inter
1452 850 1710 912 Gotones
1751 849 1964 909 nobilis
2002 850 2234 908 iuvenis
2283 867 2400 907 no-

332 939 525 997 s'mine
571 935 879 1011 Catualda,
924 935 1207 1014 profugus
1253 934 1388 995 olim
1435 935 1492 993 vi
1531 933 1869 994 Marobodui
1899 942 1957 992 et
2006 942 2142 992 tunc
2189 933 2404 992 dubiis
2463 993 2465 1024 ⁴

377 1020 549 1081 rebus
580 1021 703 1079 eius
732 1019 1005 1080 ultionem
1034 1035 1225 1079 ausus.
1296 1020 1344 1077 is
1372 1017 1560 1078 valida
1592 1036 1759 1078 manu
1799 1018 1944 1076 fines
1976 1017 2400 1076 Marcomano·
2463 1077 2465 1098 ,

376 1122 499 1164 rum
530 1102 847 1202 ingreditur
876 1105 1282 1181 corruptisque
1313 1100 1656 1181 primoribus
1689 1101 1760 1161 ad
1795 1103 2132 1162 societatem
2167 1103 2400 1160 inrum·
2463 1105 2465 1146 ἰ

379 1191 462 1267 pit
488 1189 709 1264 regiam
745 1187 1157 1264 castellumque
1192 1188 1348 1246 iuxta
1375 1187 1559 1245 situm.
1632 1195 1867 1246 veteres
1898 1185 2020 1243 illic
2047 1183 2400 1243 Sueborum

380 1271 631 1350 praedae
676 1280 733 1330 et
767 1273 981 1330 nostris
1018 1289 1051 1330 e
1078 1271 1394 1348 provinciis
1429 1269 1582 1330 lixae
1613 1287 1682 1329 ac
1705 1269 2103 1345 negotiatores
2129 1270 2396 1346 reperti,
2466 1325 2467 1346 χ

310 1376 357 1420 ιο
380 1373 524 1432 quos
560 1357 644 1412 ius
683 1356 1045 1428 commercii,
1091 1353 1230 1412 dein
1257 1352 1464 1432 cupido
1498 1349 1743 1429 augendi
1778 1354 2110 1430 pecuniam,
2146 1360 2396 1428 postre·
2466 1347 2467 1374 ³

377 1455 524 1496 mum
576 1436 795 1497 oblivio
850 1439 1070 1515 patriae
1123 1438 1241 1496 suis
1289 1454 1571 1515 quemque
1615 1435 1687 1496 ab
1729 1435 1962 1496 sedibus
2007 1434 2288 1495 hostilem
2332 1436 2396 1494 in
2466 1453 2467 1460 ¹

378 1535 576 1598 agrum
606 1519 991 1580 transtulerat.

503 1604 614 1664 63.
658 1601 1015 1663 Maroboduo
1071 1603 1322 1681 undique
1371 1604 1604 1664 deserto
1672 1620 1788 1662 non
1849 1567 2003 1661 aliud
2063 1600 2396 1661 subsidium
2468 1657 2469 1676 ¹

378 1706 543 1766 quam
598 1686 993 1746 misericordia
1049 1685 1319 1747 Caesaris
1373 1688 1497 1746 fuit.
1585 1696 1990 1762 transgressus
2039 1684 2394 1760 Danuvium,

378 1790 487 1849 qua
517 1771 788 1831 Noricam
830 1771 1185 1848 provinciam
1224 1771 1522 1849 praefluit,
1589 1771 1824 1848 scripsit
1867 1769 2104 1830 Tiberio
2151 1787 2276 1827 non
2330 1778 2397 1828 ut

378 1855 660 1934 profugus
692 1864 787 1914 aut
815 1855 1099 1933 supplex,
1138 1858 1244 1914 sed
1269 1874 1343 1915 ex
1371 1856 1646 1914 memoria
1678 1855 1892 1932 prioris
1919 1853 2220 1913 fortunae:
2255 1871 2396 1913 nam

332 1939 564 2006 5multis
607 1938 929 2001 nationibus
979 1939 1353 2000 clarissimum
1395 1938 1680 2017 quondam
1719 1955 1922 2015 regem
1951 1936 2026 1996 ad
2060 1953 2126 1994 se
2155 1953 2390 1996 vocan-
2470 1992 2471 2027 ἢ

378 2024 527 2099 tibus
576 2026 891 2085 Romanam
952 2025 1251 2085 amicitiam
1303 2023 1667 2103 praetulisse.
1754 2039 2097 2101 responsum
2153 2039 2190 2080 a
2236 2020 2392 2081 Cae·
2470 2088 2471 2093 η

376 2127 508 2169 sare
540 2117 714 2167 tutam
748 2108 804 2166 ei
831 2107 1281 2186 honoratamque
1311 2107 1506 2167 sedem
1527 2108 1594 2165 in
1624 2106 1788 2167 ltalia
1821 2106 1983 2181 fore,
2015 2107 2066 2164 si
2085 2115 2390 2165 maneret:

378 2195 467 2251 sin
516 2190 693 2249 rebus
742 2191 864 2249 eius
908 2190 1061 2252 aliud
1106 2192 1498 2267 conduceret,
1561 2190 1840 2249 abiturum
1885 2189 1997 2249 fide
2039 2207 2153 2267 qua
2185 2191 2392 2249 venis-

379 2283 485 2334 set.
565 2283 819 2333 ceterum
870 2275 1019 2351 apud
1058 2284 1315 2336 senatum
1357 2274 1638 2335 disseruit
1673 2291 1788 2333 non
1828 2273 2152 2351 Philippum
2201 2272 2394 2331 Athe-

310 2378 358 2417 10
380 2356 709 2432 aiensibus,
754 2374 871 2416 non
900 2358 1136 2433 Pyrrum
1177 2368 1273 2419 aut
1300 2358 1646 2419 Antiochum
1695 2357 1916 2437 populo
1944 2358 2206 2417 Romano
2245 2374 2391 2434 per-

376 2440 509 2501 inde
547 2437 885 2501 metuendos
918 2443 1119 2502 fuisse.
1178 2452 1336 2503 extat
1379 2444 1597 2518 oratio,
1637 2461 1748 2521 qua
1777 2441 2216 2518 magnitudinem
2249 2440 2392 2515 viri,

374 2525 706 2585 violentiam
752 2525 1136 2585 subiectarum
1174 2528 1228 2585 ei
1271 2527 1526 2604 gentium
1572 2534 1630 2585 et
1674 2544 1840 2603 quam
1873 2527 2235 2604 propinquus
2267 2522 2392 2582 Ita·

293 2680 297 2685 ,
376 2610 489 2670 liae
519 2610 733 2685 hostis,
768 2628 985 2687 suaque
1007 2612 1064 2669 in
1088 2608 1436 2669 destruendo
1463 2626 1534 2668 eo
1561 2606 1798 2669 consilia
1821 2609 2043 2669 extulit.
2092 2617 2168 2667 .et
2188 2606 2392 2667 Maro·

377 2692 600 2752 boduus
647 2692 875 2770 quidem
916 2693 1227 2753 Ravennae
1270 2691 1527 2769 habitus,
1588 2694 1636 2751 si
1683 2692 1908 2771 quando
1954 2691 2398 2752 insolescerent

309 2788 357 2828 15
377 2776 587 2853 Suebi,
640 2779 803 2854 quasi
834 2776 1121 2836 rediturus
1152 2777 1207 2833 in
1234 2793 1476 2852 regnum
1508 2776 1932 2837 ostentabatur:
1979 2776 2086 2835 sed
2128 2792 2243 2834 non
2281 2793 2394 2833 ex-

378 2861 556 2919 cessit
609 2859 773 2919 Italia
828 2878 936 2937 per
1000 2858 1394 2935 duodeviginti
1447 2878 1630 2920 annos
1685 2863 2104 2938 consenuitque
2149 2858 2396 2918 multum

374 2946 659 3003 imminuta
702 2942 965 3002 claritate
1009 2941 1085 3001 ob
1129 2944 1354 3001 nimiam
1394 2944 1622 3011 ‚vivendi
1671 2944 2011 3022 cupidinem.
2089 2943 2242 3003 idem
2278 2940 2394 3002 Ca-

378 3027 606 3087 tualdae
656 3044 823 3085 casus
878 3043 1069 3103 neque
1122 3026 1274 3085 aliud
1327 3028 1674 3105 perfugium.
1765 3028 1964 3106 pulsus
2003 3027 2154 3087 haud
2201 3026 2390 3085 multo

376 3120 510 3188 post
556 3109 1081 3170 Hermundurorum
1140 3110 1348 3188 opibus
1390 3120 1447 3171 et
1488 3112 1704 3172 Vibilio
1752 3111 1930 3187 duce,
1987 3121 2392 3190 receptusque

301 3212 356 3250 20
377 3194 587 3254 Forum
609 3192 831 3269 Iulium,
861 3193 1257 3255 Narbonensis
1282 3194 1504 3255 Galliae
1525 3196 1830 3272 coloniam,
1855 3196 2106 3256 mittitur.
2149 3194 2394 3255 barbari

375 3288 671 3355 utrumque
718 3279 966 3339 comitati
1008 3297 1083 3339 ne
1132 3280 1356 3356 quietas
1399 3280 1726 3356 provincias
1774 3281 2007 3340 immixti
2061 3279 2392 3357 turbarent,

374 3362 690 3421 Danuvium
721 3361 869 3423 ultra
898 3365 1048 3435 inter
1077 3362 1303 3423 flumina
1334 3362 1552 3422 Marum
1587 3374 1646 3423 et
1678 3362 1887 3443 Cusum
1918 3364 2219 3442 locantur,
2251 3364 2392 3423 dato

374 3461 521 3521 rege
552 3446 779 3504 Vannio
810 3450 999 3524 gentis
1032 3446 1379 3522 Quadorum.
