2475 4000
394 209 513 272 156
876 213 1203 262 CORNELII
1232 209 1468 258 ‘mem
1498 209 1862 258 summum

390 384 449 434 et
488 383 623 432 tunc
673 368 919 430 luendae
968 384 1197 446 poenae
1249 361 1463 444 primus
1512 365 1634 425 fuit.
1711 367 1860 426 inter
1911 383 2060 443 quae
2115 363 2426 424 Haterius

340 475 365 514 5
390 458 654 535 Agrippa
690 452 961 515 consules
990 449 1360 528 anniprioris
1389 450 1618 525 invasit,
1651 467 1756 508 cur
1791 458 1978 508 mutua
2009 450 2426 510 accusatione

378 543 600 601 intenta
630 551 792 599 nunc·
809 536 1073 597 silerent:
1117 543 1326 593 metum
1361 551 1599 614 prorsus
1642 542 1698 593 et
1724 534 1955 593 ‚noxiam
1988 535 2426 594 conscientiae

389 644 497 704 pro
528 624 774 684 foedere,
799 619 1033 688 baberi}
1078 627 1133 678 at
1164 636 1282 678 non
1315 617 1574 696 patribus
1611 612 2094 696 reticenda·quae
2139 617 2423 677 audivis·
2470 619 2471 644 ¹

389 719 537 770 sent.
610 707 869 784 Regulus
910 720 1155 764 manere„
1181 711 1406 781 tempus
1453 703 1714 778 ultionis,
1763 707 1966 781 seque.
1989 719 2190 761 coram
2241 703 2424 780 prin·

390 797 519 875 cipe
550 799 984 857 exsecuturum;
1016 787 1153 847 Trio
1186 787 1620 847 aemulationem
1647 789 1796 848 inter
1831 786 2094 864 collegas
2115 795 2184 845 et
2203 788 2263 845 si
2289 805 2422 865 qua

323 902 369 943 10
390 878 693 939 discordes
748 876 1023 934 iecissent
1073 871 1280 931 melius
1329 870 1628 933 obliterari
1693 870 2011 949 respondit.
2097 881 2422 947 urguente

274 993 280 1004 ⁴
387 963 655 1042 Agrippa
689 958 1027 1037 Sanquinius
1058 953 1336 1016 Maximus
1375 974 1406 1014 e
1443 953 1839 1014 consu-laribus
1881 956 2066 1015 oravit
2092 963 2418 1031 senatum,

386 1065 459 1106 ne
502 1065 668 1106 curas
696 1043 1063 1122 imperatoris
1105 1039 1438 1118 conquisitis
1475 1040 1715 1116 insuper
1755 1037 2166 1098 acerbitatibus
2211 1056 2416 1116 auge·
2472 1075 2473 1098 1

386 1140 545 1191 rent:
581 1129 852 1190 sufficere
882 1129 1067 1205 ipsum
1100 1123 1416 1184 statuendis
1460 1122 1747 1182 remediis,
1825 1125 1922 1182 sic
1947 1121 2183 1199 Regulo
2233 1123 2416 1182 salus
2472 1125 2473 1132 ’

388 1224 446 1276 et
476 1215 672 1275 Trioni
702 1213 899 1272 dilatio
934 1210 1092 1270 exitii
1134 1209 1408 1288 quaesita.
1493 1205 1760 1266 Haterius
1800 1208 2036 1265 invisior
2073 1206 2216 1282 fuit,
2261 1208 2414 1284 qnia

322 1326 370 1364 15
393 1317 598 1360 somno
630 1308 725 1358 aut
759 1295 1080 1357 libidinosis
1112 1293 1326 1370 vigiliis
1360 1290 1642 1351 marcidus
1671 1300 1730 1350 et
1757 1290 1834 1350 ob
1864 1291 2168 1366 segnitiam
2193 1297 2411 1368 qua‘m-

386 1386 477 1442 vis
510 1382 801 1442 crudelem
832 1380 1156 1459 principem
1190 1393 1306 1436 non
1346 1384 1605 1435 metuens
1638 1373 1967 1434 inlustribus
2015 1375 2150 1432 viris
2195 1375 2408 1452 perni-

390 1467 535 1525 ciem
566 1468 713 1525 inter
742 1479 985 1540 ganeam
1016 1479 1086 1520 ac
1120 1469 1316 1538 stupra
1345 1459 1738 1520 meditabatur.

318 1552 348 1603 5
522 1550 616 1607 11.
665 1547 833 1606 Exim
870 1544 1041 1608 Cotta
1067 1545 1437 1623 Messalinus,
1492 1545 1864 1604 saevissimae
1919 1545 2198 1622 cuiusque
2261 1563 2406 1607 sen·

316 1682 321 1691 .
390 1633 601 1692 tentiae
634 1641 834 1690 auctor
862 1646 1050 1707 eoque
1082 1631 1402 1687 inveterata
1433 1627 1674 1705 invidia,
1729 1628 1825 1694 'ubi
1853 1631 2090 1708 primum
2137 1629 2406 1703 facultas

391 1716 550 1790 data,
609 1716 863 1790 arguitur
916 1713 1225 1792 pleraque:
1286 1711 1484 1772 Gaiam
1536 1711 1850 1774 Caesarem
1904 1714 2069 1790 quasi
2125 1717 2406 1780 incertae

254 1869 259 1876 ι
390 1799 703 1875 virilitatis,
747 1806 805 1856 et
838 1815 964 1857 cum
993 1797 1085 1857 die
1118 1794 1629 1873 natali·Augustae
1671 1798 1820 1856 inter
1860 1795 2206 1857 sacerdotes
2251 1817 2402 1877 epu-

313 1907 364 1944 15
392 1884 625 1959 laretur,
652 1881 1054 1942 novendialem
1084 1899 1209 1940 eam
1240 1899 1440 1940 cenam
1473 1881 1715 1949 dixisse3
1763 1875 2126 1959 querensque
2175 1881 2264 1968 de,
2285 1901 2400 1960 po·

385 1967 561 2028 tentia
588 1967 695 2029 Μ’.
728 1967 927 2047 Lepidi
960 1983 1028 2027 ac
1056 1965 1115 2026 L.
1146 1964 1420 2042 Arruntii,
1454 1983 1578 2025 cum
1611 1963 1816 2043 quibus
1851 1963 1924 2025 ob
1959 1983 2079 2027 rem
2113 1968 2396 2044 pecunia-

383 2055 525 2114 riam
566 2052 960 2130 disceptabat,
1006 2051 1324 2111 addidisse:
1374 2050 1540 2109 ‘illos
1584 2050 1812 2128 quidem
1847 2058 2110 2125 senatus,
2157 2068 2254 2110 me
2289 2068 2393 2109 au·

383 2146 498 2195 tem
520 2137 770 2195 tuebitur
794 2136 1123 2195 Tiberiolus
1150 2140 1356 2193 meuS.³
1403 2151 1548 2213 quae
1573 2142 1777 2193 cuncta
1809 2152 1840 2193 a
1867 2134 2216 2212 primoribus
2248 2136 2394 2194 civi-

384 2222 515 2279 tatis
539 2218 971 2294 revincebatur,
1006 2221 1189 2296 iisque
1210 2218 1550 2277 instantibus
1574 2217 2071 2295 adpimperatorem
2093 2234 2392 2296 provoca-

316 2325 366 2364 ιο
386 2303 485 2360 vit.
518 2320 628 2361 nec
650 2302 827 2361 multo
852 2310 985 2380 post
1009 2302 1212 2361 literae
1239 2301 1588 2378 adferuntur,
1614 2301 1819 2380 quibus
1842 2302 1899 2361 in
1930 2302 2154 2360 modum
2177 2301 2390 2359 defen-

368 2386 583 2461 ·sicnis,
598 2389 849 2465 repetito
866 2388 1013 2444 inter
1024 2402 1091 2444 se
1106 2395 1277 2463 atque
1296 2384 1518 2446 Cottam
1533 2387 1813 2445 amicitiae
1831 2386 2112 2464 principio
2127 2382 2388 2443 crebris·

386 2487 498 2547 que
520 2471 644 2530 eius
662 2471 871 2529 officiis
892 2470 1367 2544 commemoratis,
1393 2487 1466 2527 ne
1479 2470 1656 2529 verba
1673 2486 1852 2547 prave
1871 2468 2092 2529 detorta
2109 2486 2217 2527 neu
2237 2484 2388 2528 con-

383 2554 653 2615 vivalium
675 2553 993 2613 fabularum
1017 2552 1351 2630 simplicitas
1373 2554 1430 2610 in
1467 2556 1682 2613 crimen
1705 2548 2015 2612 duceretur
2043 2552 2388 2632 postulavit.

315 2644 349 2697 ⁶
517 2638 613 2697 12.
661 2637 893 2712 Insigne
930 2636 1112 2693 visum
1142 2644 1231 2693 est
1261 2652 1453 2705 earum
1485 2635 1750 2697 Caesaris
1795 2636 2087 2697 literarum
2125 2636 2388 2705 initium;

383 2740 511 2782 nam
542 2722 632 2781 his
660 2719 857 2779 verbis
887 2735 1133 2782 exorsus
1164 2727 1283 2777 est:
1318 2719 1486 2796 ‘quid
1517 2721 1764 2780 scribam
1793 2720 1982 2797 vobis,
2017 2731 2212 2800 patres
2243 2738 2390 2781 con-

384 2807 617 2884 scripti,
657 2813 752 2863 aut
784 2820 899 2881 quo
934 2801 1107 2861 modo
1139 2801 1386 2861 scribam
1425 2814 1520 2863 aut
1551 2805 1684 2883 quid
1697 2807 1942 2865 -omuino
1975 2822 2090 2865 non
2130 2804 2392 2865 scribam

382 2890 501 2949 hoc'
523 2898 816 2965 tempore,
856 2886 911 2945 di
942 2904 1033 2945 me
1064 2885 1326 2968 deaeque
1354 2890 1520 2964 peius
1547 2888 1794 2967 perdant
1841 2906 2008 2965 quam
2049 2891 2250 2968 perire
2293 2908 2392 2948 me

331 2992 359 3031 5
386 2972 596 3033 cotidie
634 2972 841 3046 sentio,
874 2972 922 3029 si
952 2972 1134 3029 scio.’
1193 2970 1342 3030 adeo
1379 2970 1637 3032 facinora
1667 2981 1839 3049 atque
1869 2973 2085 3049 flagitia
2125 2991 2231 3033 sua
2273 2976 2390 3051 ipsi

384 3072 615 3135 quoque
647 3056 704 3113 in
736 3054 1081 3133 supplicium
1108 3063 1428 3114 verterant:
1482 3055 1922 3133 nequefrustra
1952 3060 2390 3135 praestantissi-

379 3158 504 3199 mus
534 3140 853 3217 sapientiae
884 3140 1106 3198 firmare
1143 3138 1348 3197 solitus
1377 3148 1484 3215 est,
1519 3140 1566 3198 si
1596 3139 1965 3200 recludantur
2006 3151 2388 3215 tyrannorum

378 3231 623 3300 mentes,
658 3240 833 3302 posse
866 3222 1049 3300 aspici
1076 3222 1320 3281 laniatus
1355 3232 1412 3281 et
1441 3224 1606 3299 ictus,
1635 3224 1863 3301 quando
1886 3233 1946 3283 ut
1971 3242 2228 3304 corpora
2251 3243 2388 3284 ver-

378 3305 636 3382 beribus,
668 3309 744 3367 ita
776 3308 1036 3382 saevitia,
1069 3306 1326 3381 libidine,
1357 3306 1520 3365 malis
1547 3308 1825 3368 consultis
1852 3310 2070 3367 ani‘mus
2095 3308 2384 3369 dilacere-

312 3410 361 3451 ιο
380 3400 488 3451 tur.
550 3394 765 3471 quippe
795 3391 1084 3451 Tiberium
1113 3407 1229 3449 non
1261 3390 1523 3467 fortuna,
1564 3405 1682 3451 non
1717 3392 2059 3453 solitudines
2100 3402 2384 3473 protege-

380 3474 517 3534 bant
548 3477 679 3553 quin
712 3482 997 3534 tormenta
1029 3475 1290 3553 pectoris
1319 3490 1578 3551 suasque
1605 3477 1734 3553 ipse
1765 3493 1986 3554 poenas
2017 3478 2322 3538 fateretur.
