2475 4000
629 227 1006 333 Llnnn'xvn
1054 284 1203 332 CAP.
1243 282 1482 361 147-18.
1593 264 1596 267 ’
1773 288 1778 295 ·
1963 263 2115 335 323·-
2172 342 2183 349 .

217 438 333 497 17.
388 432 657 497 Paucos
656 440 871 517 quippe
926 438 1071 497 intra
1122 436 1246 497 dies
1291 438 1494 499 eodeni
1545 432 1772 514 agmine
1813 436 2086 527 Annaeus

30 520 282 597 Mela,
322 518 570 580 Cerialis
603 521 876 597 Anicius,
896 520 1127 581 Rufrius
1154 519 1471 601 Crispinus,
1505 520 1571 580 C.
1603 522 1901 581 Petronius
1933 520 2084 584 ceci·-

38 607 274 680 dere,
306 602 466 663 Mela
496 614 555 663 et
582 600 883 684 Crispinus
922 607 1145 683 equites
1174 604 1414 673 Romani
1462 605 1740 681 dignitate
1776 610 2084 667 senatoria.

40 706 221 748 nam
268 686 373 747 hic
404 687 687 775 quondam
729 688 1061 767 praefectus
1096 690 1376 787 praetorii
1419 697 1476 747 et
1521 688 1916 748 consularibus
1954 691 2086 752 insi·

44 770 315 850 guihus
362 763 603 831 donatus
634 790 703 831 ac
731 790 915 851 nuper
962 774 1197 832 crimine
1236 773 1650 833 coniurationis
1681 773 1740 831 in
1771 755 2142 832 Sardiniams
2167 837 2172 843 ,

50 860 372 930 exactus,
402 864 649 935 accepto
681 856 871 915 iussae
901 858 1100 916 mortis
1130 858 1327 916 nuntio
1357 864 1540 917 semet
1569 856 1878 915 interfecit.
1917 847 2088 933 Mela,

54 937 312 1018 quibus
345 935 541 1021 Gallio
566 948 625 997 et
656 939 883 998 Seneca
915 938 1247 1017 parentibus
1278 947 1472 1016 natue,
1505 941 1781 1017 petitione
1808 938 2092 998 honorum

60 1024 463 1083 abstinuerat
490 1040 597 1100 per
626 1021 991 1083 ambitionem
1018 1032 1477 1102 praeposteram,
1508 1032 1568 1081 ut
1597 1040 1780 1100 eques
1799 1021 2092 1082 Romanus

66 1104 509 1167 consularibus
549 1108 807 1183 potentia
847 1116 1219 1183 aequaretur;
1279 1106 1446 1165 simul
1489 1104 1874 1183 adquirendae
1916 1123 2090 1183 pecu·

66 1193 231 1251 niae
274 1188 514 1248 brevius
551 1189 662 1248 iter
703 1188 978 1251 credebat
1017 1207 1123 1267 per
1170 1190 1608 1267 procurationes
1639 1188 2090 1249 administrandis
2109 1200 2164 1243 ιο

70 1272 391 1354 principis
414 1272 684 1347 negotiis.
751 1270 902 1332 idem
924 1272 1223 1334 Annaeum
1244 1273 1538 1336 Lucanum
1547 1277 1847 1350 genuerat,
1873 1272 2094 1348 grande
2127 1298 2134 1305 ·

74 1357 491 1417 adiumentum
522 1354 891 1415 claritudinis.
956 1373 1068 1434 quo
1108 1357 1415 1416 interfecto
1451 1354 1580 1415 dum
1609 1374 1732 1416 rem
1759 1355 2096 1416 familiarem

76 1443 233 1501 eius
262 1440 475 1499 acriter
504 1440 763 1517 requirit,
794 1448 1193 1519 accusatorem
1224 1440 1476 1500 concivit
1500 1438 1738 1503 Fabium
1757 1439 2092 1515 Romanum,

82 1543 185 1585 ex
212 1524 425 1582 intimis
455 1522 665 1582 Lucani
704 1522 921 1582 amicis.
984 1524 1160 1583 mixta
1198 1524 1347 1582 inter
1389 1532 1608 1603 patrem
1641 1522 1926 1603 filiumque
1958 1540 2098 1589 con-2

81 1608 411 1669 iurationis
460 1606 701 1665 scientia
748 1606 1009 1683 fingitur,
1062 1606 1394 1667 adsimilatis
1431 1606 1644 1675 Lucani
1685 1607 1899 1667 literis:
1949 1624 2090 1685 quas
2111 1622 2164 1664 ιε

83 1697 403 1767 inspectas
446 1689 604 1750 Nero
651 1688 793 1750 ferri
838 1688 909 1749 ad
935 1708 1062 1750 eum
1091 1691 1286 1767 iussit,
1331 1690 1538 1770 opibus
1579 1692 1700 1751 eius
1739 1690 1982 1751 inhians.
2041 1699 2100 1749 at
2141 1748 2150 1753 ,

84 1773 297 1849 Mela,
361 1792 505 1853 quae
547 1781 661 1833 tum
704 1776 1126 1855 promptissima
1162 1776 1363 1847 mortis
1409 1776 1532 1850 via,
1595 1773 1850 1834 exsolvit
1898 1790 2096 1851 venas,

91 1858 345 1935 scriptis
394 1856 680 1917 codicillis
720 1858 925 1936 quibus
974 1856 1254 1935 grandem
1298 1858 1600 1934 pecuniam
1656 1859 1714 1915 in
1757 1856 2098 1932 Tigellinum
2179 1876 2184 1883 ’

92 1958 505 2021 generumque
548 1942 669 2002 eius
702 1940 1103 2002 Cossutianum
1134 1938 1475 2018 Capitonem
1507 1937 1814 2016 erogabat,
1859 1956 1974 2018 quo
2003 1958 2108 2000 ce·-

92 2038 239 2087 tera
259 2021 571 2088 manerent.
634 2024 856 2086 additur
878 2023 1184 2098 codicillis,
1213 2032 1498 2101 tamquam
1520 2022 1593 2081 de
1617 2022 1914 2100 iniquitate
1937 2025 2096 2083 exitii
2114 2042 2167 2083 ιο

100 2124 365 2204 querens
404 2109 482 2166 ita
510 2108 873 2184 scripsisset,
916 2126 981 2166 se
1014 2106 1241 2184 quidem
1270 2107 1435 2166 mori·
1455 2105 1646 2164 nullis
1666 2105 1934 2185 supplicii
1957 2124 2124 2168 cau--

104 2191 230 2265 sis,
272 2189 529 2249 Rufrium
572 2199 757 2249 autem
787 2189 1111 2268 Crispinum
1142 2198 1199 2249 et
1230 2189 1494 2251 Anicium
1526 2188 1811 2250 Cerialem
1843 2189 1958 2250 vita
1985 2189 2098 2249 frui

106 2272 378 2335 infensos
407 2273 673 2351 principi.
733 2291 881 2352 quae
924 2275 1246 2351 composita
1276 2272 1660 2334 credebantur
1699 2272 1771 2333 de
1804 2271 2095 2357 Crispino,

110 2357 253 2436 quia
291 2356 628 2431 interfectus
672 2365 827 2434 erat,
872 2356 945 2416 de
990 2356 1255 2434 Ceriale,
1307 2365 1368 2416 ut
1409 2351 1846 2418 interficeretur.
1905 2375 2096 2436 neque

112 2441 269 2502 enim
299 2439 475 2500 multo
503 2449 639 2519 post
668 2441 785 2500 vim
814 2441 925 2500 sibi
949 2439 1198 2517 attulit,
1204 2402 1424 2500 minore
1451 2459 1620 2539 quam
1655 2441 1837 2502 ceteri
1863 2443 2096 2502 misera·
2114 2461 2167 2502 25

113 2528 308 2600 tione,
350 2525 481 2602 quia
522 2523 807 2602 proditam
838 2524 981 2632 Gaio
1014 2523 1251 2585 Caesari
1283 2525 1735 2584 coniurationem
1779 2523 1850 2585 ab
1881 2540 1954 2583 eo
1983 2541 2098 2584 me-

120 2611 412 2668 minerant.

254 2689 367 2751 18.-
386 2689 477 2750 De
518 2690 585 2752 C.
630 2691 905 2753 Petronio
950 2695 1134 2772 pauca
1176 2710 1356 2771 supra
1396 2691 1716 2770 repetenda
1767 2695 1914 2752 sunt.
1971 2709 2102 2754 nam

124 2777 207 2836 illi
258 2775 379 2835 dies
428 2793 535 2854 per
588 2793 879 2852 somnum,
939 2794 1059 2838 nox
1103 2777 1418 2848 ofliciiset
1461 2774 1898 2836 oblectamentis
1947 2776 2101 2837 vitae
2191 2839 2198 2844 ,

128 2858 566 2940 transigebatur3
608 2869 782 2940 utque
828 2860 974 2919 alios
1018 2858 1325 2937 industria,
1372 2861 1448 2920 ita
1476 2858 1626 2919 hunc
1655 2855 1884 2938 ignavia
1915 2858 1988 2919 ad
2016 2859 2100 2920 fa·

123 2961 267 3003 mam
298 2943 650 3021 protulerat,
690 2942 1124 3022 habebaturque
1156 2959 1278 3002 non
1308 2960 1505 3020 ganeo
1527 2953 1598 3014 ‚et
1629 2945 1998 3025 profligator,
2040 2951 2103 3000 ut

127 3028 381 3108 plerique
410 3045 513 3086 sua
534 3025 928 3103 haurientium,
958 3027 1065 3088 sed
1094 3027 1318 3087 erudito
1351 3027 1506 3087 luxu.
1563 3045 1634 3087 ac
1659 3027 1810 3087 dicta
1829 3025 2095 3103 factaque
2119 3049 2149 3088 5

122 3113 249 3171 eius
287 3120 491 3189 quanto
535 3110 813 3171 solutiora
853 3119 913 3170 et
958 3109 1235 3189 quandam
1280 3111 1367 3170 sui
1413 3109 1843 3188 neglegentiam
1873 3109 2099 3189 praefe-

129 3196 332 3270 rentia,
379 3203 535 3254 tanto
579 3196 799 3271 gratius
843 3196 901 3253 in
932 3196 1189 3274 speciem
1226 3193 1607 3274 simplicitatis
1651 3192 2098 3274 accipiebantur.

132 3295 237 3357 pro
278 3278 511 3338 consule
552 3287 743 3338 tamen
782 3277 1083 3352 Bithyniae
1124 3286 1185 3342 et
1214 3294 1353 3337 mox
1382 3277 1587 3338 consul
1615 3279 1906 3356 vigentem
1935 3293 2000 3334 se
2031 3275 2102 3336 ac

134 3379 320 3441 parem
357 3363 609 3439 negotiis
648 3360 916 3422 ostendit.
976 3360 1107 3421 dein
1141 3361 1440 3421 revolutus
1479 3361 1549 3421 ad
1579 3363 1746 3438 vitia,
1794 3378 1898 3420 seu
1933 3359 2100 3419 vitio·

132 3465 253 3506 rum
289 3447 626 3523 imitatione,
644 3447 823 3514 inter
863 3461 1097 3525 paucos
1122 3445 1482 3505 familiarium
1507 3444 1726 3504 Neroni
1773 3444 2100 3521 adsumptus
2121 3465 2178 3508 io

135 3539 249 3607 est,
276 3526 591 3606 elegantiae
608 3492 871 3606 arbiter,
904 3529 1034 3617 dum
1062 3527 1201 3590 nihil
1230 3545 1530 3590 amoenum
1557 3537 1615 3588 et
1645 3528 1820 3588 molle
1851 3525 2100 3589 adfluen-
2153 3549 2160 3554 ·

1635 3612 1710 3673 21
