2475 4000
342 195 467 274 ωδ
856 206 1182 256 cona-mn
1206 205 1438 252 mern
1460 206 1826 254 ANNALIUM

345 365 401 420 in
435 361 625 420 luxum
654 368 710 419 et
752 360 933 437 raptis
964 361 1221 440 opulenti
1250 361 1512 420 omittere
1553 360 1860 436 stationes,
1903 359 2148 421 lascivia
2195 371 2346 442 epu·

345 445 523 503 larum
570 451 665 503 aut
703 454 983 510 somuoeet
1011 447 1143 504 vino
1190 439 1595 523 procumbere.
1653 443 1828 518 igitur
1865 443 2068 503 hostes
2109 448 2348 507 incuria

345 544 539 586 eorum
577 526 999 603 conpertaduo
1030 530 1258 604 agmina
1292 525 1521 606 p'arant,
1565 542 1805 604 quorum
1849 526 2034 590 altero
2085 530 2346 607 popula·

344 620 503 669 tores
539 609 966 685 invaderentur,
998 611 1095 669 alii
1128 619 1316 670 castra
1340 611 1595 673 Romana
1625 608 2038 686 adpugnarent,
2073 629 2193 670 non
2225 631 2350 691 spe

278 711 327 750 10
349 693 633 771 capiendi,
647 690 771 762 ‚sed
801 701 860 750 ut
890 693 1164 770 clamore,
1197 693 1328 755 telis
1362 712 1465 753 suo
1505 694 1748 770 quisque
1784 693 2342 771 periculointentus

344 763 879 867 sonoremzfflterius
908 777 1115 855 proelii
1145 794 1259 835 nou
1287 779 1602 855 acciperet.
1671 775 1946 835 tenebrae
1967 779 2209 854 insuper
2233 779 2342 838 de·

344 861 531 934 lecta-e
602 855 635 864 ”’
688 859 893 919 ⁴endam
938 859 1008 919 ad
1046 859 1428 919 formidinem.
1492 858 1596 918 sed
1639 861 1735 936 qui
1779 859 1998 922 vallum,
2030 860 2343 936 legionum

341 878 723 1022 temptabffi,
761 943 934 1020 facile
964 943 1282 1022 pelluntur;
1320 943 1640 1002 Thraecum
1671 943 1880 1002 auxilia
1911 949 2218 1021 repentino
2251 947 2339 1003 in·

345 1027 767 1103 cursuterrita,
807 1043 932 1084 cum
963 1045 1098 1105 pars
1138 1025 1540 1086 munitionibus
1585 1026 1938 1103 adiacerent,
1985 1027 2185 1104 plures
2230 1047 2340 1087 ex-

280 1120 453 1178 15tra.
479 1105 834 1188 palarentur,
896 1119 1051 1170 tanto
1096 1111 1372 1169 infensius
1425 1111 1610 1186 caesi,
1663 1119 1875 1186 quanto
1931 1110 2213 1188 perfugae
2279 1122 2342 1172 et

347 1188 674 1272 proditores
706 1193 862 1252 ferre
902 1211 1053 1253 arma
1096 1192 1167 1253 ad
1204 1213 1362 1252 suum
1404 1194 1740 1272 patriaeque
1780 1194 2073 1252 servitium
2103 1196 2334 1254 incusa-

344 1277 564 1336 ban'tiir.
1000 1297 1003 1304 ·
1833 1327 1840 1332 .

466 1360 567 1418 49.
602 1358 844 1420 Postera
877 1361 970 1419 die
1012 1360 1256 1420 Sabinus
1296 1363 1610 1420 exercitum
1647 1377 1837 1437 aequo
1877 1359 2012 1420 loco
2056 1361 2338 1438 ostendit,

344 1444 391 1499 si
420 1441 649 1499 barbari
678 1460 953 1502 successu
978 1446 1163 1503 noctis
1190 1445 1414 1504 alacres
1439 1443 1722 1521 proelium
1747 1443 2039 1502 auderent.
2084 1453 2144 1502 et
2163 1454 2334 1522 post-

346 1541 508 1602 quam
544 1524 788 1583 castello
820 1534 914 1584 aut
943 1527 1262 1586 coniunctis
1292 1527 1518 1586 tumulis
1548 1543 1662 1586 non
1693 1526 2195 1603 degrediebantur,
2228 1528 2336 1586 ob·

344 1606 541 1666 sidium
584 1609 778 1684 coepit
818 1626 925 1687 per
962 1609 1282 1686 praesidia,
1326 1629 1472 1687 quae
1520 1619 1808 1689 oportune
1849 1612 1960 1670 iam
2001 1611 2334 1678 muniebam

296 1685 487 1753 sdein.
515 1691 729 1749 fossam
778 1691 1131 1769 loricamque
1177 1702 1496 1753 contexens
1542 1703 1808 1771 quattuor
1857 1694 2011 1755 milia
2056 1711 2336 1771 passuum

346 1775 551 1834 ambitu
596 1774 891 1853 amplexus
934 1785 1050 1844 est;
1100 1784 1214 1834 tum
1250 1777 1547 1855 paulatim,
1603 1786 1662 1836 ut
1705 1795 1906 1854 aquam
1941 1776 2336 1856 pabulumque

346 1859 631 1936 eriperet,
681 1859 1021 1919 contrahere
1064 1859 1312 1920 claustra
1355 1869 1593 1937 artaque
1626 1855 2007 1929 circumdare3
2052 1869 2111 1943 et
2141 1869 2331 1920 strue-

212 2000 217 2008 ,
298 1965 303 1972 ·
344 1942 507 2001 batur
552 1960 765 2020 agger,
822 1943 971 2004 unde
1030 1961 1169 2003 saxa
1225 1943 1424 2003 hastae
1469 1946 1638 2021 ignes
1680 1947 2062 2023 propinquum
2105 1945 2220 2004 iam
2273 1947 2331 2004 in

342 2026 575 2095 hostem,
594 2028 935 2087 iacerentur.
998 2027 1099 2086 sed
1130 2027 1270 2086 nihil
1300 2045 1483 2105 aeque
1517 2046 1684 2105 quam
1715 2031 1835 2087 sitis
1864 2028 2164 2105 fatigabat,
2203 2047 2331 2088 cum

275 2128 324 2167 ιο
340 2112 546 2185 ingens
574 2110 868 2169 multitudo
906 2110 1247 2171 bellatorum
1281 2112 1573 2170 inbellium
1601 2129 1714 2170 uno
1747 2112 1970 2189 reliquo
2001 2112 2165 2171 fonte
2205 2122 2328 2171 ute-

343 2200 564 2259 rentur;
612 2192 776 2249 simul
820 2196 949 2269 equi
995 2204 1281 2271 armenta,
1323 2204 1382 2253 ut
1419 2212 1546 2254 mos
1585 2194 1876 2269 barbaris,
1919 2197 2078 2254 iuxta
2109 2195 2329 2272 clausa,

342 2281 601 2349 egestate
637 2274 831 2351 pabuli
865 2276 1203 2357 exanimari3
1249 2277 1516 2337 adiacere
1546 2295 1796 2355 corpora
1825 2278 2140 2355 hominum,
2177 2296 2330 2357 quos

336 2355 606 2432 vulnera,
654 2375 799 2434 quos
840 2359 963 2417 sitis
998 2370 1352 2436 peremerat;
1402 2361 1582 2439 pollui
1627 2369 1828 2420 cuncta
1878 2363 2072 2437 sanie,
2117 2362 2324 2436 odore,

341 2448 622 2499 contactu.
683 2440 969 2518 rebusque
1012 2442 1253 2502 turbatis
1307 2444 1513 2503 malum
1549 2452 1862 2503 extremum
1904 2444 2186 2509 discordia
2224 2462 2322 2504 ac-

272 2548 323 2589 15
343 2525 536 2600 cessit,
566 2522 656 2581 his
688 2524 1059 2601 deditionem,
1097 2526 1224 2585 aliis
1259 2536 1498 2585 mortem
1533 2537 1592 2586 et
1631 2535 1852 2587 mutuos
1881 2528 2032 2587 inter
2071 2546 2134 2586 se
2169 2528 2326 2587 ictus

340 2602 691 2685 parantibus.
758 2616 815 2666 et
845 2617 1005 2667 erant
1035 2610 1130 2685 qui
1159 2626 1275 2667 non
1303 2609 1534 2669 inultum
1566 2612 1796 2671 exitium
1828 2610 1931 2671 sed
1961 2614 2328 2690 eruptionem

340 2690 663 2765 suaderent,
696 2708 882 2768 neque
914 2691 1223 2768 ignobiles,
1266 2696 1522 2769 quamvis
1552 2694 1764 2755 diversi
1795 2696 2116 2753 sententiis.

460 2774 559 2833 50.
608 2774 822 2833 Verum
862 2793 897 2833 e
940 2774 1179 2833 ducibus
1209 2774 1391 2853 Dinis,
1426 2787 1739 2855 provectus
1771 2785 2008 2837 senecta
2045 2787 2102 2837 et
2141 2779 2330 2855 longo

320 2874 441 2917 usu
474 2856 585 2914 vim
608 2864 779 2934 atque
819 2857 1174 2946 clementiam
1200 2859 1515 2919 Romanam
1545 2860 1808 2937 edoctus,
1840 2861 2111 2938 ponenda
2147 2880 2328 2939 arma,

338 2958 505 2999 unum
542 2939 785 2999 adflictis
834 2942 891 3000 id
932 2943 1244 3002 remedium
1299 2942 1650 3021 disserebat,
1708 2946 2038 3025 primusque
2082 2963 2154 3004 se
2201 2964 2328 3005 cum

338 3025 582 3098 coniuge
616 3032 673 3082 et
704 3022 902 3084 liberis
932 3027 1141 3086 victori
1170 3029 1458 3106 permisit.-
1487 3030 1670 3087 secuti
1705 3037 1892 3088 aetate
1929 3036 2023 3087 aut
2059 3047 2208 3088 sexu
2242 3032 2326 3088 in-

291 3105 529 3165 sbecilli
557 3115 615 3165 et
645 3106 851 3184 quibus
878 3110 1061 3170 maior
1099 3112 1252 3171 vitae
1285 3128 1451 3189 quam
1493 3111 1719 3188 gloriae
1751 3110 1986 3190 cupido.
2037 3120 2095 3171 at
2127 3111 2340 3179 iuvem,

334 3198 424 3247 tus
466 3189 699 3249 Tarsam
740 3192 887 3251 inter
930 3202 988 3252 et
1021 3193 1282 3253 Turesim
1312 3194 1752 3255 distrahebatur.
1815 3196 2044 3272 utrique
2073 3193 2326 3254 destina·

274 3309 281 3315 -
334 3278 445 3329 tum
476 3289 601 3330 cum
634 3272 899 3336 libertate
929 3278 1233 3353 occidere,
1283 3278 1388 3336 sed
1418 3278 1597 3337 Tarsa
1631 3295 1942 3356 properum
1973 3279 2180 3353 finem,
2227 3278 2328 3337 ab·

334 3354 671 3431 rumpendas
702 3360 917 3435 pariter
948 3378 1086 3439 spes
1118 3378 1187 3420 ac
1217 3368 1402 3419 metus
1434 3359 1762 3436 clamitans,
1806 3360 1964 3419 dedit
1995 3362 2330 3439 exemplum

334 3433 583 3495 demisso
625 3439 680 3497 in
716 3452 919 3521 pectus
947 3441 1149 3533 ‘terrm
1200 3460 1313 3502 nec
1353 3442 1591 3503 defuere
1623 3444 1718 3520 qui
1765 3444 1970 3502 eodem
2001 3443 2178 3505 modo
2219 3461 2330 3521 op-

856 3712 889 3728 Q
