2475 4000
384 214 509 274 274
870 221 1198 288 conNELn
1222 215 1466 268 *mern
1495 219 1860 268 Amitinum

342 388 446 439 set
465 376 840 455 respondenti
866 377 1146 452 reticens,
1191 384 1252 434 ut
1276 375 1481 454 pavida
1504 376 1734 451 ingenia
1758 374 1964 433 solent.
2023 381 2079 432 at
2104 372 2404 432 consules

390 463 676 541 perficere
710 459 1011 528 decretum
1050 468 1284 518 senatus
1313 476 1424 518 non
1457 461 1608 534 ausi,
1658 458 1728 517 de
1759 474 2048 518 consensu
2079 458 2400 535 scripsere

280 573 287 584 ¹
389 546 644 606 Caesari.
688 543 788 603 ille
816 546 965 603 inter
1012 543 1290 621 pudorem
1331 551 1389 600 et
1417 544 1557 601 iram
1586 550 1909 618 annotatae,
1957 549 2263 618 postremo
2297 559 2401 599 re-

387 625 649 708 scripsit:
710 625 864 688 nulla
907 627 1109 686 iniuria
1146 635 1525 704 provocatum
1566 625 1870 685 Antistium
1908 625 2292 700 gravissimas
2341 627 2403 682 in

388 714 707 793 principem
750 709 1123 772 contumelias
1166 710 1414 778 dixisse3
1473 727 1666 771 earum
1715 709 1987 768 ultionem
2037 726 2070 769 a
2119 708 2404 786 patribus

321 812 371 853 ιο
390 797 759 876 postulatam,
814 803 873 854 et
922 811 1029 873 pro
1079 793 1468 871 magnitudine
1517 793 1713 852 delicti
1763 810 2010 872 poenam
2065 795 2238 852 statui
2279 811 2404 870 par

268 950 281 966 .
387 882 587 941 fuisse.
657 887 911 938 ceterum
940 896 1038 954 se,
1081 879 1177 955 qui
1211 878 1578 956 severitatem
1612 875 2040 936 decernentium
2075 876 2400 955 impeditu-

378 984 485 1025 rus
516 963 735 1037 fuerit,
762 961 1211 1036 moderationem
1259 978 1374 1020 non
1407 960 1752 1039 prohibere:
1799 968 2114 1020 statuerent
2154 968 2216 1018 ut
2253 959 2402 1018 vel-

387 1049 539 1124 lent,
570 1046 756 1106 datam
786 1054 843 1104 et
872 1044 1212 1106 absolvendi
1241 1045 1549 1105 licentiam.
1611 1044 1702 1103 his
1731 1054 1900 1123 atque
1929 1043 2142 1103 talibus
2169 1044 2399 1103 recita-

388 1133 463 1192 tis
491 1139 552 1190 et
579 1130 902 1190 offensione
929 1130 1259 1204 manifesta,
1300 1146 1418 1192 non
1451 1128 1585 1189 ideo
1629 1137 1724 1188 aut
1768 1128 2040 1188 consules
2083 1136 2402 1187 mutavere

321 1231 373 1272 15
388 1215 729 1294 relationem
768 1220 861 1271 aut
891 1211 1143 1272 Thrasea
1172 1212 1428 1272 decessit
1456 1215 1739 1272 sententia
1772 1214 2029 1272 ceterive
2064 1229 2220 1292 quae
2252 1229 2398 1290 pro·

392 1300 669 1359 baverant
708 1295 1053 1371 deseruere,
1095 1314 1264 1374 pars,
1309 1315 1381 1356 ne
1427 1290 2082 1375 principem,obiecisse
2129 1295 2400 1355 invidiae

391 1382 757 1455 viderentur,
810 1379 1007 1456 plures
1048 1396 1287 1438 numero
1337 1381 1471 1456 tuti,
1525 1380 1780 1440 Thrasea
1827 1390 1990 1441 sueta
2041 1379 2396 1440 firmitudine

391 1465 560 1524 animi
592 1473 649 1522 et
682 1481 755 1520 ne
781 1462 969 1537 gloria
1000 1461 1391 1522 intercideret.
2212 1517 2220 1528 ,

518 1549 619 1608 50.
663 1544 823 1604 Haud
874 1545 1089 1622 dispari
1146 1547 1380 1604 crimine
1429 1546 1726 1608 Fabricius
1783 1549 2030 1608 Veiento
2085 1547 2396 1607 conflicta·

392 1641 484 1691 tus
537 1637 658 1705 est,
710 1627 864 1706 quod
916 1627 1087 1687 multa
1138 1637 1195 1688 et
1240 1627 1525 1707 probrosa
1574 1632 1629 1690 in
1684 1642 1880 1711 patres
1934 1641 1991 1691 et
2039 1629 2396 1691 sacerdotes

396 1714 819 1793 composuisset
862 1713 933 1790 iis
974 1709 1135 1770 libris
1179 1710 1385 1790 quibus
1430 1731 1636 1774 nomen
1681 1715 2078 1776 codicillorum
2117 1713 2395 1774 dederat.

391 1796 679 1858 adiciebat
706 1795 899 1855 Talius
930 1795 1197 1856 Geminus
1243 1805 1550 1856 accusator
1587 1799 1872 1860 venditata
1911 1799 1981 1870 ab
2025 1817 2098 1860 eo
2145 1817 2399 1858 munera

350 1881 675 1961 sprincipis
720 1888 779 1939 et
820 1878 1323 1957 adipiscendorum
1362 1880 1641 1940 honorum
1680 1883 1785 1964 ius,
1865 1901 2012 1961 quae
2054 1901 2230 1944 causa
2273 1883 2394 1942 Ne-

382 1966 521 2027 -r'oni
551 1965 656 2025 fuit
683 1962 1035 2043 suscipiendi
1070 1963 1298 2041 iudicii,
1339 1967 1777 2047 convictumque
1807 1967 2190 2029 Veientonem
2215 1965 2397 2028 Italia

392 2050 616 2129 depulit
638 2058 699 2109 et
729 2048 911 2109 libros
934 2049 1095 2107 exuri
1125 2050 1322 2124 iussit,
1356 2049 1710 2127 conquisitos
1741 2050 2166 2131 lectitatosque,
2193 2051 2398 2111 donec

398 2153 522 2194 cum
568 2132 827 2211 periculo
871 2130 1244 2210 parabantur:
1294 2150 1430 2192 mox
1473 2132 1705 2193 licentia
1746 2132 1988 2196 habendi
2030 2135 2396 2195 oblivionem

396 2216 597 2277 attulit.
1771 2273 1776 2277 ⁴

521 2299 621 2359 51.
668 2298 785 2358 Sed
822 2298 1305 2375 gravescentibus
1357 2300 1414 2358 in
1459 2300 1584 2359 dies
1627 2299 1874 2379 publicis
1913 2302 2078 2361 malis
2127 2302 2396 2361 subsidia

395 2380 820 2458 minuebantur,
866 2384 1276 2461 concessitque
1315 2385 1430 2443 vita
1467 2382 1730 2460 Burrus„
1748 2385 2026 2444 incertum
2057 2384 2394 2445 valetudine

396 2484 467 2526 an
511 2474 759 2526 veneno.
816 2466 1085 2525 valetudo
1133 2485 1208 2525 ex
1249 2484 1323 2526 eo
1371 2465 1834 2544 coniectabatur,
1895 2468 2048 2547 quod
2086 2470 2142 2527 in
2193 2486 2258 2527 se
2303 2479 2393 2528 tu·
2461 2502 2463 2556 p

325 2556 330 2568 ‘
386 2549 781 2625 *moscentihus
826 2550 1096 2628 paulatim
1143 2550 1406 2610 faucibus
1455 2560 1512 2609 et
1560 2551 1833 2629 impedito
1884 2562 2074 2613 meatu
2125 2552 2395 2629 spiritum

282 2666 285 2671 ·
350 2656 375 2695 5
399 2632 645 2693 finiebat.
717 2633 914 2711 plures
940 2636 1100 2693 iussu
1129 2633 1411 2711 Neronis,
1456 2636 1617 2717 quasi
1647 2635 1955 2696 remedium
1995 2634 2395 2710 adhiberetur,

394 2716 610 2776 inlitum
661 2718 907 2795 palatum
960 2719 1084 2777 eius
1140 2720 1319 2777 noxio
1373 2718 1750 2779 medicamine
1811 2718 2265 2794 adseverabant,
2343 2728 2398 2777 et

396 2801 633 2887 Burrum
661 2801 959 2862 intellecto
1010 2806 1270 2879 scelere,
1320 2820 1448 2864 cum
1497 2802 1570 2863 ad
1613 2804 1907 2864 visendum
1953 2821 2080 2865 eum
2113 2804 2396 2882 princeps

397 2886 682 2959 venisset,
736 2894 1035 2963 aspectum
1076 2886 1197 2944 eius
1241 2894 1565 2946 aversatum
1617 2888 1934 2948 sciscitanti
1972 2887 2252 2947 hactenus
2301 2906 2394 2946 re·

400 2967 735 3046 spondisse:
768 2970 787 3000 ²
806 2986 935 3045 ego
952 2986 1042 3029 me
1071 2968 1220 3029 bene
1251 2970 1494 3030 habeo.'
1552 2972 1766 3031 civitati
1791 2972 2014 3049 grande
2042 2971 2394 3031 desiderium

2459 2748 2461 2850 Ι

328 3067 378 3107 10
402 3053 525 3111 eius
582 3052 789 3110 mansit
838 3069 943 3129 per
990 3055 1318 3114 memoriam
1361 3056 1581 3113 virtutis
1616 3063 1675 3114 et
1703 3073 2107 3117 successorum
2149 3056 2392 3115 alterius
2457 3054 2459 3115 ῑ

400 3152 641 3211 segnem
669 3135 1078 3212 innocentiam,
1120 3137 1358 3198 alterius
1400 3138 1840 3215 flagrantissima
1859 3140 2109 3216 ‘flag-itia.
2166 3140 2390 3218 quippe

400 3217 618 3277 Caesar
648 3216 793 3275 duos
823 3221 1126 3295 praetoriis
1160 3220 1495 3282 cohortibus
1537 3225 1922 3302 imposuerat,
1968 3223 2244 3283 Faenium
2273 3223 2388 3283 Ru-

397 3302 514 3360 fum
553 3318 629 3359 ex
666 3299 825 3375 vulgi
866 3300 1101 3377 favore,
1156 3307 1289 3382 quia
1341 3323 1462 3366 rem
1501 3296 1926 3367 frumentariam
1975 3308 2099 3366 sine
2143 3317 2388 3385 quaestu

398 3383 711 3457 tractabat,
756 3383 1053 3443 Sofonium
1087 3385 1462 3467 Tigellinum,
1505 3383 1761 3450 veterem
1793 3391 2182 3469 inpudicitiam
2213 3400 2388 3468 atque

333 3466 679 3525 isinfamiam
707 3466 764 3522 in
796 3483 867 3526 eo
889 3477 1137 3527 secutus.
1180 3480 1358 3549 atque
1387 3473 1470 3532 illi
1499 3490 1604 3550 pro
1638 3476 1883 3551 cognitis
1913 3474 2170 3535 moribus
2201 3476 2384 3552 fuere,
