2475 4000
847 205 1058 253 mni-:R
1090 205 1184 253 lv.
1217 204 1368 251 car.
1404 203 1453 253 1.
1578 189 1591 193 ’
1848 170 1858 175 ’
1976 168 1995 249 J
2034 194 2155 257 113

326 362 410 419 28.
460 360 522 422 Q.
543 362 724 413 Vibius
749 360 970 413 Serenus
1003 374 1034 408 a
1057 359 1160 409 filio
1189 366 1469 417 accusatus,
1528 358 1613 409 29.
1644 358 1728 409 30.
1759 361 2041 426 Amorgum
2065 362 2155 411 de-

222 440 483 501 .portatur;
522 431 748 497 praemia
782 429 1088 479 delatoribus
1127 435 1328 478 statuta.
1392 426 1477 478 31.
1519 426 1575 476 P.
1606 425 1811 479 Suillius
1844 426 2151 495 deportatur,

226 502 442 553 Firmius
470 506 648 549 senatu
673 506 917 547 movetur.
967 496 1051 547 32.
1078 495 1162 547 33.
1201 496 1447 545 Iudicium
1468 496 1531 544 de
1553 494 1633 543 his
1660 498 1941 548 annalibus.

331 570 414 621 34.
451 568 733 619 Cremutius
763 566 976 626 CorduS,
1003 566 1245 616 historiae
1270 566 1498 630 scriptor,
1525 563 1586 613 ob
1612 564 1754 613 Bruti
1780 574 1827 615 et
1852 567 2012 617 Cassii
2042 569 2153 618 lau-

223 641 317 690 des
347 645 612 687 accusatus
643 630 799 685 libe're
827 650 883 684 se
909 634 1136 683 defendit
1159 643 1208 683 et
1237 632 1320 684 35.
1350 634 1505 682 vitam
1532 632 1833 682 abstinentia
1864 636 1998 695 finit;
2037 637 2154 686 libri

222 711 335 759 eius
364 706 584 756 cremati.
647 704 730 755 36.
771 704 1034 768 Cyzicenis
1069 702 1304 769 adempta
1340 702 1562 751 libertas.
1618 699 1702 751 37.
1730 701 1814 752 38.
1849 702 2039 770 Templi
2060 705 2153 755 ho-

221 792 401 827 norem
443 775 504 824 ab
544 774 783 838 Hispanis
827 772 1048 822 oblatum
1083 770 1313 822 Tiberius
1352 772 1560 836 spernit.
1630 768 1715 820 39.
1754 768 1965 821 Seianus
2001 775 2155 822 nimia
2208 788 2225 807 κ

221 846 430 895 fortuna
466 857 666 903 socors,
709 841 906 890 Liviam
941 841 1039 890 sibi
1061 856 1273 891 uxorem
1300 856 1328 888 a
1363 840 1591 905 principe
1617 839 1767 904 petit,
1808 841 1893 901 qui
1925 840 2009 889 40.
2047 856 2154 889 mo-

221 916 367 964 deste
402 919 558 976 negat
589 919 638 959 et
669 910 838 960 Seiani
869 910 1089 960 rationes
1114 908 1315 960 refellit.
1367 909 1451 958 41.
1490 908 1581 956 Hic
1604 907 1869 973 augendae
1904 911 2155 973 potentiae

217 982 424 1032 Tiberio
449 994 706 1030 recessum
731 979 793 1027 ab
819 979 944 1027 urbe
969 978 1162 1037 suadet,
1188 979 1274 1027 42.
1308 977 1495 1027 auditis
1521 978 1575 1025 in
1600 991 1755 1027 causa
1780 976 1985 1025 Votieni
2014 977 2154 1027 Mon-

145 1096 150 1101 .
215 1052 330 1101 tani
356 1048 668 1099 contumeliis
695 1047 981 1113 persuadet.

322 1118 408 1169 43.
468 1117 656 1167 Romae
702 1114 982 1181 legationes
1031 1113 1331 1166 Graecorum
1384 1115 1587 1163 auditae
1630 1114 1695 1163 de
1730 1115 1839 1163 iure
1880 1116 2151 1179 asylorum.

217 1190 310 1240 44.
344 1188 481 1237 Mors
507 1186 736 1245 Lentuli,
768 1183 990 1241 Domitii,
1025 1183 1248 1232 Antonii.
1306 1182 1390 1232 45.
1428 1183 1486 1232 L.
1510 1183 1627 1233 Piso
1657 1191 1858 1248 praetor
1884 1198 1915 1231 a
1938 1185 2155 1247 quodam

219 1257 418 1323 agresti
456 1252 765 1304 interficitur.
825 1252 911 1303 46.
958 1251 1207 1301 Thraeces
1244 1252 1469 1300 montani
1504 1252 1803 1301 rebellantes
1850 1253 2092 1303 47-51.
2126 1269 2155 1302 a

209 1322 411 1377 Sabino
441 1323 722 1389 pelluntur,
748 1322 1054 1380 caeduntur,
1087 1321 1407 1381 obsidentur,
1437 1318 1626 1369 frustra
1652 1321 1913 1384 eruptione
1942 1321 2074 1372 facta
2099 1338 2155 1371 se
2223 1356 2227 1369 .

217 1395 436 1446 dedunt.
1955 1435 1965 1447 ,

330 1463 413 1512 52.
464 1459 672 1511 Claudia
698 1457 914 1508 Pulchra
945 1459 1135 1509 Romae
1171 1458 1408 1510 adulterii
1451 1468 1685 1510 accusata
1725 1461 2006 1510 damnatur.
2066 1460 2151 1511 53.

215 1530 512 1599 Agrippina
551 1529 782 1578 maritum
824 1529 950 1594 petit
992 1542 1085 1577 nec
1125 1528 1375 1592 impetrat.
1447 1529 1533 1583 54.
1580 1530 1643 1579 Ei
1684 1528 1896 1581 Seianus
1940 1529 2152 1579 insidias

215 1601 389 1652 struit.
453 1596 538 1648 55.
584 1596 826 1647 Undecim
851 1597 1002 1647 urbes
1031 1596 1184 1645 Asiae
1219 1596 1282 1645 de
1317 1599 1502 1664 templo
1541 1598 1740 1648 Tiberio
1772 1598 2010 1651 struendo
2045 1613 2152 1647 cer-

213 1678 344 1721 tant.
403 1666 486 1718 56.
526 1666 743 1715 Praelati
785 1666 1065 1729 Zmyrnaei.
1110 1665 1195 1715 57.
1235 1663 1320 1714 58.
1365 1666 1597 1717 Tiberius
1628 1667 1781 1717 dubia
1817 1666 1880 1714 de
1920 1680 2072 1715 causa
2101 1668 2153 1715 iu
2237 1710 2243 1717 .

217 1737 552 1802 Campaniam
575 1734 816 1797 abscedit,
853 1742 961 1785 arto
977 1736 1243 1807 comitatu.
1299 1735 1384 1786 59.
1425 1736 1483 1785 In
1519 1738 1758 1801 spelunca
1791 1736 2052 1799 repentino
2082 1736 2154 1784 la-

218 1808 398 1873 pidum
433 1806 580 1869 lapsu
609 1804 918 1868 periclitatus
943 1820 974 1859 a
1007 1803 1188 1853 Seiano
1215 1811 1473 1863 servatum
1511 1804 1630 1853 hinc
1656 1805 1817 1852 maior
1859 1804 1967 1852 eius
2005 1804 2149 1853 fides.

219 1876 476 1925 Neronem
501 1871 784 1922 Germanici
809 1873 1108 1938 aggreditur
1136 1881 1184 1921 et
1208 1872 1293 1922 60.
1324 1872 1587 1929 calumniis
1612 1870 1873 1921 subvertit.
1900 1870 1983 1921 61.
2017 1872 2152 1921 Mors

218 1944 390 1993 AsinIi
419 1942 679 2008 Agrippae
701 1950 749 1991 et
775 1942 834 2002 Q.
870 1942 1074 1991 Haterii.

257 2021 264 2034 ⁸
321 2011 406 2062 62.
440 2011 526 2062 63.
581 2011 955 2076 Amphitheatri
979 2007 1100 2060 casu
1124 2009 1327 2059 Fidenis
1355 2007 1512 2056 multa
1539 2007 1795 2054 hominum
1818 2008 1956 2056 milia
1978 2008 2153 2070 debili-

215 2089 329 2131 tata
354 2081 434 2128 vel
455 2079 646 2128 obruta.
705 2078 792 2129 64.
816 2078 902 2129 65.
938 2079 1129 2128 Romae
1155 2077 1445 2125 incendium
1474 2073 1637 2122 deurit
1661 2071 1882 2122 Caelium
1911 2084 2149 2126 montem.

215 2149 310 2199 66.
354 2148 521 2194 Varus
551 2155 828 2195 accusatur.
887 2147 976 2198 67.
1017 2147 1260 2209 Princeps
1304 2146 1355 2191 in
1391 2141 1607 2191 insulam
1639 2140 1858 2207 Capreas
1893 2159 1949 2193 se
1995 2145 2147 2194 abdit.

215 2213 450 2265 68—70.
495 2213 654 2263 Titius
681 2214 895 2270 Sabinus
920 2215 1056 2279 turpi
1096 2213 1273 2264 fraude
1314 2212 1680 2262 circumventus
1716 2212 1982 2283 damnatur
2024 2215 2149 2279 ipsis
2218 2252 2221 2255 .

218 2284 345 2332 anni
370 2281 627 2330 Kalendis.
683 2282 765 2332 71.
806 2281 1034 2332 Tiberius
1061 2288 1278 2331 mentem
1306 2294 1448 2328 suam
1472 2281 1662 2329 recludi
1688 2280 1995 2346 indignatur.
2024 2283 2151 2333 Iulia

214 2348 2027 2484 &pitantiamifsszisztz,attint-“fttasstzgssb{Attis
2061 2351 2145 2469 Ξῗ·

268 2456 280 2468 υ
951 2456 964 2479 ,
1412 2455 1422 2466 ο
1555 2455 1566 2466 ι
2126 2447 2150 2455 -

213 2496 390 2540 natus.
430 2486 602 2536 Seiani
625 2488 930 2552 arrogantia.
979 2485 1062 2534 75.
1091 2485 1180 2536 Cn.
1213 2485 1464 2536 Domitius
1489 2487 1846 2552 Agrippinam,
1869 2486 2151 2536 Germanici

211 2557 395 2617 filiam,
426 2569 634 2604 uxorem
663 2558 856 2622 accipit.

293 2675 304 2690 ⁸
327 2624 462 2674 Haec
501 2625 743 2674 sexennio
784 2624 889 2674 fere
927 2634 1073 2689 gesta
1101 2639 1234 2676 coss.
1270 2624 1325 2675 C.
1352 2624 1530 2672 Asinio
1556 2623 1607 2674 C.
1636 2624 1883 2682 Antisti0‚
1919 2623 2145 2673 Cornelio
2178 2633 2185 2638 ·

211 2691 446 2759 Cethego
474 2692 684 2742 Visellio
703 2693 944 2752 Varrone,
977 2692 1134 2744 Cosso
1165 2693 1377 2744 Lentulo
1404 2693 1581 2742 Asinio
1611 2693 1860 2757 Agrippa,
1894 2691 1982 2742 Cn.
2016 2693 2147 2742 Len-

209 2761 326 2813 tulo
357 2760 609 2811 Gaetulico
639 2761 690 2810 C.
718 2759 961 2820 Calvisio,
1009 2761 1073 2811 M.
1103 2762 1296 2812 Licinio
1326 2761 1507 2812 Crasso
1541 2761 1599 2813 L.
1641 2760 1911 2826 Calpurnio
1944 2760 2143 2822 Pisone,

209 2833 354 2896 App.
382 2831 526 2880 Iunio
553 2829 720 2879 Silano
746 2829 801 2877 P.
836 2828 957 2878 Silio
987 2829 1190 2921 Nerva·
1237 2853 1247 2858 ·

272 2950 329 3008 1:
378 2948 444 3009 C.
474 2949 676 3008 Asinio
711 2947 777 3008 C.
809 2949 1060 3009 Antistio
1099 2949 1437 3010 consulibus
1480 2967 1663 3009 nonus
1695 2949 1929 3009 Tiberio
1966 2966 2143 3007 annus

135 3043 274 3094 erat
321 3035 679 3111 compositae
720 3035 806 3092 rei
844 3033 1144 3112 publicae,
1186 3034 1446 3094 florentis
1489 3033 1688 3093 domus
1724 3035 1884 3113 (nam
1917 3032 2144 3094 Germa·

129 3119 258 3180 nici
305 3126 547 3176 mortem
586 3118 734 3176 inter
776 3119 1066 3197 prospera
1102 3117 1409 3194 ducebat),
1457 3136 1589 3182 cum.
1627 3127 1867 3196 repente
1914 3116 2143 3177 turbare

130 3204 380 3262 fortuna
417 3204 642 3281 coepit,
691 3203 917 3262 saevire
948 3203 1077 3280 ipse
1106 3211 1200 3262 aut
1230 3201 1620 3261 saevientibus
1655 3203 1807 3260 vires
1837 3201 2142 3279 praebere.

131 3286 366 3346 initium
413 3294 470 3344 et
511 3299 699 3357 causa,
731 3305 913 3367 penes
955 3286 1184 3347 Aelium
1225 3287 1492 3345 Seianum
1534 3284 1871 3346 cohortibus
1918 3295 2141 3364 praeto-
2168 3304 2194 3342 ⁵

129 3372 240 3430 riis
287 3369 678 3447 praefectum,
729 3373 892 3430 cuius
946 3370 1018 3430 de
1072 3370 1331 3449 potentia
1378 3388 1551 3449 supra
1603 3373 1941 3431 memoravi:
1994 3389 2143 3430 nuno

131 3455 457 3530 originem,
487 3471 700 3532 mores,
734 3464 792 3516 et
823 3473 938 3534 quo
967 3453 1228 3517 facinore
1266 3455 1711 3548 dominationem
1738 3465 1980 3538 raptum!
1993 3457 2141 3531 ierit,

226 3555 413 3594 uem
436 3557 575 3598 uas
600 3560 636 3596 ι.
1784 3541 1821 3602 8
1982 3549 1986 3557 “
