2475 4000
1065 142 1124 180 s»
1645 160 1651 183 ,
1697 161 1701 170 .

366 218 439 278 16
869 227 1196 274 CORNELII
1226 191 1460 276 norm
1481 229 1843 276 Amanum
1917 273 1924 284 ,

348 382 603 456 ,mobiles
634 383 705 442 ad
736 383 1199 460 superstitionem
1226 356 1533 460 perculsae
1565 375 1748 441 semel
1787 391 2044 456 mentes,
2093 381 2206 444 sibi
2249 402 2364 444 ae-

282 483 341 524 ·10
361 477 581 526 ternum
614 465 873 525 laborem
901 466 1199 545 portendi,
1232 466 1616 526 sua-facinora
1651 467 1910 525 aversari
1945 466 2090 526 deos
2127 467 2366 528 lam'en-
2460 541 2461 546 ἵ

360 559 564 631 tantur.
629 549 896 608 utendum
925 549 1292 610 inclinatione
1323 557 1396 610 ea*
1423 547 1642 609 Caesar
1671 558 1730 607 et
1775 567 1922 626 quae
1965 568 2134 610 casus
2179 551 2366 612 obtu-

358 635 507 694 lerat
534 635 590 691 in
630 633 963 712 sapientiam
1010 634 1290 693 vertenda
1334 642 1490 692 ratus
1539 634 1822 692 circumiri
1863 635 2107 694 tentoria
2149 635 2362 704 iube·t;

360 718 577 776 accitur
608 718 865 777 centurio
896 714 1167 776 Clemens
1204 726 1262 776 et
1291 717 1340 777 si
1369 716 1464 776 alii
1497 715 1666 776 bonis
1699 716 1916 776 artibus
1936 718 2104 793 grati
2134 719 2192 777 in
2219 719 2360 778 vnl-

358 819 483 877 gus.
552 801 593 858 ii
623 801 856 878 vigiliis,
890 799 1262 875 stationibus,
1301 800 1574 860 custodiis
1624 809 1914 878 portarum
1959 819 2024 858 se
2063 802 2358 877 inserunt,

288 907 340 949 15
360 901 520 982 spem
552 885 819 959 offerunt,
848 893 1056 943 metum
1086 884 1394 958 intendunt.
1453 885 1790 962 ‘quousque
1831 883 2004 943 lilium
2033 885 2361 964 imperato-

266 969 269 976 '
356 970 435 1026 ris
466 963 899 1028 obsidebimus?
940 970 1067 1045 quis
1099 969 1466 1028 certaminum
1509 964 1678 1029 finis?
1723 967 2118 1028 Percennione
2157 977 2218 1028 et
2248 967 2360 1026 Vi-
2460 963 2461 1014 ἶ

356 1051 569 1111 buleno
592 1060 1017 1112 sacramentum
1052 1052 1256 1112 dicturi
1303 1048 1540 1111 sumus?
1603 1051 1952 1113 Percennius
2001 1061 2060 1110 et
2098 1052 2360 1114 Vibule-

356 1154 459 1195 nus
490 1135 773 1214 stipendia
818 1135 1121 1212 militibuS,
1165 1153 1338 1212 agros
1381 1135 1633 1194 emeritis
1682 1131 2042 1210 largientur?
2093 1135 2360 1214 denique

356 1236 463 1297 pro
495 1218 822 1278 Neronibus
854 1228 911 1278 et
938 1219 1143 1279 Drusis
1174 1220 1468 1298 imperium
1497 1219 1697 1296 populi
1721 1217 1960 1278 Romani
1991 1216 2359 1298 capessent?

287 1295 340 1368 ιι)
360 1305 492 1381 quin
524 1303 734 1380 potius,
772 1312 832 1361 ut
861 1305 1158 1362 novissimi
1189 1304 1246 1361 in
1272 1303 1518 1381 culpam,
1547 1303 1622 1362 ita
1651 1303 1818 1380 primi
1839 1302 1912 1361 ad
1935 1304 2356 1380 paenitentiam
2460 1329 2461 1332 ¹

358 1381 593 1445 sumus?
623 1385 783 1444 tarda
814 1396 943 1445 sunt
972 1388 1198 1465 quaein
1230 1404 1526 1445 commune
1561 1385 2028 1464 expostulentur:
2061 1387 2360 1465 privatam
2460 1411 2461 1416 ¹

358 1469 598 1546 gratiam
629 1470 815 1527 statim
844 1485 1131 1545 mereare,
1158 1471 1342 1528 statim
1372 1471 1681 1547 recipias)
1739 1471 2040 1530 commotis
2065 1487 2176 1548 per
2197 1469 2358 1530 haec

357 1551 639 1612 mentibus
670 1561 727 1610 et
756 1552 905 1610 inter
940 1569 1005 1610 se
1032 1555 1343 1632 suspectis,
1374 1553 1617 1613 tironem
1647 1573 1678 1613 a
1711 1562 2024 1630 veterano,
2053 1553 2356 1630 legionem
2460 1575 2461 1578 ¹

358 1653 391 1696 a
422 1637 653 1713 legione
697 1635 1029 1694 dissociant.
1099 1645 1214 1695 tum
1265 1635 1458 1696 redire
1511 1636 1992 1714 paulatim'amor
2043 1635 2352 1714 obsequii:

279 1748 339 1788 ,25
358 1722 619 1780 omittunt
660 1727 888 1797 portas,
942 1720 1103 1795 signa
1144 1717 1314 1778 unum
1367 1721 1424 1779 in
1470 1719 1660 1778 locum
1708 1721 1992 1799 principio
2044 1721 2352 1781 seditionis

356 1811 711 1879 congregata
740 1819 873 1862 suas
908 1801 964 1860 in
1000 1803 1175 1862 sedes
1204 1803 1482 1862 referunt.

478 1885 579 1946 29.
624 1885 847 1944 Drusus
882 1894 1007 1946 orto
1041 1887 1133 1947 die
1168 1896 1227 1946 et
1257 1897 1460 1948 vocata
1495 1888 1788 1964 contione,
1817 1905 2156 1967 quamquam
2177 1887 2354 1948 mdis
2460 1929 2461 1932 ,

356 1969 602 2047 dicendi,
640 1969 937 2031 nobilitate
967 1971 1219 2071 ingenita
1249 1973 1470 2032 incusat
1495 1971 1711 2051 priora,
1743 1971 1951 2057 probat
1983 1973 2352 2051 praesentia;

354 2064 531 2156 negat
561 2073 624 2115 se
656 2064 883 2114 terrore
916 2064 973 2115 et
999 2058 1165 2116 minis
1195 2057 1377 2116 vinci:
1409 2056 1598 2115 flexos
1630 2056 1700 2115 ad
1733 2056 2073 2116 modestiam
2103 2057 2150 2114 si
2181 2056 2354 2117 vide·

356 2148 431 2214 at,
470 2136 525 2197 si
552 2138 850 2217 supplices
880 2140 1089 2216 audiat,
1124 2142 1468 2219 scripturum
1497 2141 1647 2220 patri
1675 2149 1736 2199 ut
1762 2140 2024 2217 placatus
2053 2139 2356 2215 legionum
2460 2178 2461 2183 κ

308 2245 333 2285 5
357 2240 569 2301 preces
596 2223 917 2301 exciperet.
974 2224 1272 2284 orantibus
1298 2241 1521 2283 rursum
1551 2223 1700 2283 idem
1721 2224 1966 2283 Blaesus
1981 2233 2047 2283 et
2066 2221 2128 2282 L.
2153 2222 2356 2302 Apro-

358 2308 503 2380 nius,
544 2322 723 2383 eques
752 2304 1043 2365 Romanus
1078 2325 1111 2365 e
1158 2307 1402 2368 cohorte
1446 2307 1653 2382 Drusi,-
1697 2306 2006 2389 Iustusque
2047 2304 2356 2382 Catonius,
2460 2370 2461 2375 γ

246 2386 255 2400 “
356 2390 521 2470 primi
556 2390 771 2450 ordinis
800 2392 1080 2465 centurio,
1112 2390 1184 2449 ad
1214 2387 1505 2451 Tiberium
1536 2392 1846 2451 mittuntur.
1903 2398 2200 2451 certatum
2209 2389 2356 2449 inde

357 2475 677 2550 sententiis,
712 2492 838 2534 cum
866 2473 961 2533 alii
993 2474 1390 2551 opperiendos
1421 2474 1650 2551 legatos
1687 2484 1860 2555 atque
1901 2475 2124 2535 interim
2169 2474 2355 2533 comi-

354 2567 479 2617 tate
501 2558 969 2637 permulcendum
1001 2558 1234 2616 militem
1263 2567 1607 2634 censerent,
1651 2559 1748 2619 alii
1777 2558 2114 2619 fortioribus
2157 2576 2354 2617 reme-

276 2644 341 2698 ἰο
360 2642 469 2701 diis
502 2642 816 2718 agendum:
860 2641 998 2700 nihil
1029 2641 1085 2698 in
1116 2639 1294 2716 vulgo
1325 2638 1632 2712 modicum;
1678 2651 1937 2717 terrere,
1977 2644 2036 2703 ni
2067 2650 2354 2719 paveant,

354 2724 450 2783 ubi
486 2725 917 2803 pertimuerint,
956 2724 1169 2801 inpune
1202 2726 1518 2784 contemni:
1563 2726 1696 2786 dum
1735 2728 2072 2805 superstitio
2118 2734 2353 2801 urgeat,

354 2808 687 2867 adiciendos
712 2806 957 2865 exduce
980 2816 1167 2865 metus
1188 2806 1428 2868 sublatis
1452 2802 1750 2870 seditionis
1767 2809 2118 2869 auctoribus.
2153 2825 2352 2886 prom-

354 2900 510 2971 ptum
542 2891 613 2951 ad
642 2891 940 2969 asperiora
976 2892 1262 2967 ingenium
1292 2891 1482 2953 Druso
1529 2902 1684 2953 erat:
1727 2902 1970 2953 vocatos
2000 2891 2352 2951 Vibulenum
2392 2910 2400 2920 ·

356 2984 415 3035 et
443 2975 817 3035 Percennium
858 2974 1103 3033 interfici
1146 2973 1324 3041 iubet.
1393 2968 1620 3035 tradunt
1667 2975 1932 3054 plerique
1979 2977 2126 3036 intra
2151 2974 2346 3034 taber-

286 3080 335 3122 ιιι
361 3059 623 3119 naculum
668 3058 830 3117 ducis
872 3056 1146 3132 obrutos,
1202 3058 1300 3117 alii
1341 3076 1592 3139 corpora
1637 3068 1802 3119 extra
1851 3059 2062 3120 vallum
2115 3058 2346 3132 abiecta

354 3142 623 3202 ostentui.

478 3225 578 3286 30.
625 3222 765 3283 Tum
814 3226 1154 3303 utquisque
1197 3227 1546 3305 praecipuus
1597 3226 1856 3286 turbator
1899 3226 2233 3304 conquisiti,
2277 3231 2346 3281 et

353 3325 511 3386 pars,
538 3315 701 3367 extra
732 3315 919 3367 castra
952 3308 1234 3387 palantes,
1271 3327 1302 3368 a
1335 3292 1770 3376 centurionibus
1803 3319 1896 3369 aut
1927 3308 2340 3388 praetoriarum

356 3384 691 3450 cohortium
704 3390 975 3455 militibus
1008 3394 1193 3460 caesi;
1234 3392 1513 3471 quosdam
1556 3394 1670 3471 ipsi
1716 3394 1985 3472 manipuli
2027 3390 2334 3451 documen-

354 3482 468 3532 tum
500 3474 633 3533 fidei
664 3474 973 3537 tradidere
1030 3484 1270 3571 auxerat
1298 3476 1532 3535 militum
1565 3494 1732 3537 curas
1763 3482 2122 3555 praematura
2149 3472 2338 3534 biems
