2475 4000
751 236 976 324 'mann
997 239 1042 284 1.
1081 235 1231 287 cAP.
1262 238 1501 292 ‘za-28.
1572 221 1588 234 ⁰
2053 225 2131 284 15

132 409 301 465 ram,
347 389 683 468 quibuscum
725 385 965 468 plurima
1005 389 1161 448 bella
1203 391 1607 459 toleravisset3
1658 393 1755 454 ubi
1802 394 2042 472 primum
2092 407 2200 452 ano

137 477 303 535 luctu·
329 474 658 552 requiesset
687 475 940 546 animus,
983 481 1239 532 acturum
1283 473 1435 551 apud
1473 483 1665 550 patres
1702 475 1774 535 de
1820 477 2125 556 postulatis

139 575 368 626 eorum;
399 557 628 620 misisse
655 558 881 616 interim
911 554 1106 632 filium,
1145 565 1206 616 ut
1235 557 1360 614 sine
1386 551 1747 616 cunctatione
1774 563 2127 622 concederet

142 659 294 720 quae
335 641 522 700 statim
561 639 730 699 tribui
771 649 1038 719 possent;
1087 649 1286 700 cetera
1326 639 1551 699 senatui
1593 643 1901 719 servanda,
1952 663 2123 723 quem

142 743 330 803 neque
359 725 584 802 gratiae
617 741 808 803 nequ-e
841 725 1167 783 severitatis
1195 721 1501 802 expertem
1532 721 1733 782 haberi
1766 741 1867 801 par
1898 738 2070 787 esset.

265 809 366 870 26.
407 807 774 886 Responsum
807 817 898 868 est
941 826 973 869 a
1019 808 1322 882 contione,
1366 807 1633 867 mandata
1672 805 1955 867 Clementi
1996 827 2125 868 cen-

135 892 345 953 turioni
377 909 526 970 quae
557 893 868 969 perferret.
929 893 980 950 is
1011 891 1228 951 orditur
1262 891 1335 950 de
1366 892 1643 951 missione
1686 907 1719 950 a
1749 889 2007 950 sedecim
2034 910 2127 952 an·

128 979 239 1052 nis,
275 977 353 1036 de
381 977 658 1053 praemiis
687 977 880 1034 linitae
907 975 1162 1050 militiae,
1197 984 1261 1034 ut
1300 975 1566 1034 denarius
1617 975 1875 1034 diurnum
1917 976 2131 1053 stipen-

25 1080 28 1086 ‘
129 1055 294 1120 dium
315 1059 489 1134 foret,
520 1075 594 1118 ne
623 1059 880 1119 veterani
895 1058 1012 1118 'sub
1041 1059 1263 1122 vexillo
1292 1058 1659 1118 haberentur.
1717 1059 1789 1119 ad
1814 1075 1883 1118 ea
1900 1058 2133 1117 'Drusus

129 1161 259 1204 cum
288 1143 588 1203 arbitrium
614 1152 848 1202 senatus
882 1151 942 1202 et
961 1144 1142 1220 patris
1167 1142 1533 1218 obtenderet,
1568 1141 1823 1202 clamor-e
1844 1141 2124 1201 turbatur.
2147 1139 2179 1195 τὲ

130 1245 234 1287 cur
267 1229 530 1288 venisset
569 1245 760 1305 neque
794 1227 1070 1302 augendis
1115 1227 1353 1285 militum
1392 1226 1695 1304 stipendiis
1735 1243 1925 1304 noque
1970 1225 2131 1285 adle-
2222 1231 2229 1239 “

127 1312 338 1372 vandis
369 1310 702 1386 laboribus,
748 1311 998 1387 denique
1041 1309 1198 1368 nulla
1240 1309 1391 1369 bene
1433 1309 1678 1369 faciendi
1720 1307 1997 1370 licentia?
2070 1319 2131 1369 at

127 1395 378 1454 hercule
427 1393 676 1454 verbera
715 1403 773 1453 et
805 1411 1009 1453 necem
1054 1395 1273 1452 cunctis
1315 1395 1585 1471 permitti.
1652 1392 1942 1454 Tiberium
1988 1394 2125 1454 olim

128 1480 368 1537 nomine
399 1475 648 1554 Augusti·
677 1477 964 1538 desideria
989 1477 1278 1554 leg-ionum
1309 1477 1568 1541 frustrari
1590 1478 1849 1538 solitum:
1888 1479 2125 1539 easdem

130 1571 294 1620 artes
321 1560 570 1620 Drusum
599 1561 908 1620 rettulisse.
991 1577 1367 1640 numquamne
1408 1562 1515 1620 nisi
1559 1563 1628 1622 ad
1670 1581 1737 1622 se
1778 1563 1931 1622 filios
1961 1564 2195 1623 sami-10

129 1645 342 1704 liarum
371 1641 686 1704 venturos?
713 1661 921 1704 novum
951 1646 1008 1706 id
1025 1646 1210 1724 »plane
1237 1646 1391 1729 quod
1422 1646 1734 1723 imperator
1772 1646 1901 1707 sola
1930 1647 2123 1706 militis

129 1727 437 1788 commoda
468 1729 536 1790 ad
569 1739 826 1790 senatum
857 1730 1077 1790 reiciat.
1143 1731 1387 1790 eundem
1426 1746 1573 1807 ergo
1616 1739 1875 1790 senatum
1918 1748 2121 1791 consu-

127 1812 382 1887 lendum,
401 1814 680 1892 ‘quotiens
711 1813 997 1892 supplicia
1027 1823 1122 1874 aut
1145 1813 1371 1892 proelia
1396 1813 1741 1874 indicantur:
1775 1832 1847 1873 an
1868 1817 2123 1892 praemia

127 1895 238 1955 sub
273 1897 534 1973 dominis,
573 1915 794 1976 poenas
833 1899 956 1956 sine
990 1897 1206 1956 arbitro
1245 1893 1423 1956 esse?

255 1981 357 2042 27.
395 1981 695 2043 Postremo
731 1980 1006 2043 deserunt
1033 1980 1319 2055 tribunal,
1363 1987 1425 2037 ut
1468 1979 1595 2057 quis
1628 1979 2125 2056 praetorianorum

124 2064 367 2124 militum
398 2068 784 2125 amicorumve
815 2063 1087 2125 Caesaris
1119 2072 1492 2139 occurreret,
1528 2080 1725 2123 manus
1756 2064 2121 2137 intentantes,

127 2164 366 2207 causam
407 2148 729 2207 discordiae
773 2157 831 2207 et
867 2150 1083 2207 initium
1125 2162 1438 2223 armorum,
1481 2149 1725 2207 maxime
1763 2146 1971 2207 infensi
2016 2143 2119 2205 Cn.

55 2236 67 2264 ⁸
126 2229 398 2302 Lentulo,
431 2232 582 2306 quod
611 2233 662 2289 is
695 2240 828 2289 ante
857 2230 1002 2289 alios
1033 2240 1226 2291 aetate
1252 2234 1311 2291 et
1346 2230 1534 2307 gloria
1562 2231 1700 2291 belli
1723 2231 1949 2291 firmare
1972 2230 2119 2291 Dru-

130 2330 258 2371 sum
293 2311 636 2371 credebatur
666 2322 724 2371 et
751 2312 852 2371 illa
882 2312 1114 2373 militiae
1149 2314 1367 2391 flagitia
1397 2318 1611 2393 primus
1633 2310 1948 2393 aspernari.
2005 2333 2114 2375 nec
2140 2330 2167 2369 5

129 2396 316 2455 multo
355 2404 490 2473 post
533 2394 947 2471 digredientem
993 2414 1121 2456 cum
1160 2395 1417 2459 Caesare
1469 2419 1537 2460 ac
1589 2401 1824 2477 provisu
1875 2397 2123 2477 periculi

129 2469 374 2539 Hiberna
407 2486 595 2538 castra
627 2488 986 2556 repe-tentem
1019 2482 1461 2555 circumsistunt,
1491 2484 1811 2559 rogitantes
1840 2499 1955 2559 quo
1986 2499 2121 2558 per-

131 2572 324 2639 geret,
359 2564 431 2623 ad
464 2564 868 2640 imperatorem
897 2584 967 2625 an
995 2564 1066 2628 ad
1098 2576 1329 2644 patres,
1362 2576 1423 2625 ut
1448 2566 1569 2626 illic
1603 2583 1839 2645 quoque
1870 2580 2118 2623 commo-

26 2726 28 2733 Ι
133 2646 220 2706 dis
249 2648 542 2725 legionum
569 2646 1192 2719 adversaretun'simul
1219 2652 1507 2727 ingruunt,
1533 2666 1673 2709 saxa
1697 2649 1927 2709 iaciunt.
1986 2650 2119 2707 iam-

135 2748 246 2807 que
283 2730 489 2809 lapidis
529 2732 645 2789 ictu
678 2740 946 2809 cruentus
977 2741 1035 2793 et
1063 2735 1221 2793 exitii
1256 2744 1451 2794 certus
1484 2734 1731 2793 adcursu
1752 2732 2116 2792 multitudinis
2140 2745 2189 2785 10

137 2830 284 2890 quae
317 2818 442 2874 cum
471 2814 664 2874 Druso
697 2813 1008 2876 advenerat
1040 2827 1339 2894 protectus
1373 2828 1481 2878 est.

93 2896 112 2981 ⁶.
257 2896 360 2959 28.
405 2896 650 2963 Noctem
681 2899 958 2959 minacem
987 2909 1047 2959 et
1079 2902 1136 2958 in
1168 2901 1363 2962 scelus
1394 2911 1717 2981 erupturam
1742 2902 1865 2963 fors
1889 2900 2115 2961 lenivit:
2195 2918 2200 2923 ·

139 2996 260 3040 nam
295 2982 424 3042 luna
457 2981 616 3043 claro
647 2992 892 3061 repente
929 2984 1096 3043 caelo
1126 2986 1249 3045 visa
1280 2984 1684 3063 languescere.
1740 2987 1797 3046 id
1828 2985 1993 3045 miles
2029 3002 2117 3043 ra-

141 3063 309 3125 tionis
330 3068 570 3143 jgnarus
601 3082 768 3126 omen
799 3069 1187 3145 praesentium
1217 3073 1479 3148 accepit,
1516 3072 1635 3129 suis
1679 3070 1979 3131 laboribus
2017 3068 2116 3129 de-

143 3142 442 3209 fectionem
473 3150 676 3209 sideris
709 3151 1076 3227 adsimulans,
1109 3171 1509 3232 prospereque
1540 3172 1778 3214 cessura
1810 3172 1958 3233 quae
1983 3170 2115 3231 per-

137 3240 371 3305 «gerent,
414 3234 460 3292 si
507 3234 702 3311 ful-gor
739 3245 798 3295 et
833 3235 1117 3297 claritudo
1149 3236 1297 3296 deae
1332 3238 1693 3298 redderetur.
1752 3240 1931 3315 igitur
1964 3238 2113 3296 aeris
2136 3249 2162 3288 5

146 3326 319 3388 sone,
349 3316 601 3377 tubarum
635 3336 1025 3399 cornuumque
1057 3330 1343 3381 concentu
1374 3331 1669 3399 strepere;
1714 3330 1887 3399 prout
1917 3320 2111 3399 splen-

145 3392 326 3456 didior
354 3398 760 3477 obscuriorve,
811 3404 1013 3465 laetari
1053 3416 1148 3466 aut
1181 3423 1475 3475 maerere;
1521 3414 1579 3465 et
1615 3414 1914 3484 postquam
1950 3415 2111 3465 ortae

145 3478 322 3541 nubes
357 3482 606 3543 offecere
637 3488 784 3547 visui
815 3490 1210 3568 creditumque
1244 3491 1531 3551 conditam
1560 3488 1815 3551 tenebris
1834 3535 1851 3567 ,
1898 3500 1955 3550 ut
1984 3498 2113 3551 sunt
