2475 4000
303 222 427 284 282
688 199 693 203 ’
769 190 775 206 “
822 230 1148 280 connum
1170 233 1405 280 'rAclrr
1427 233 1792 280 ANNALmM

630 514 642 526 .
702 395 1372 536 CORNELII
1427 391 1976 534 mom„

816 629 908 692 AB
952 625 1253 692 EXCESSU
1287 629 1433 692 DIVI
1472 627 1771 694 AUGUSTI

580 783 668 876 A
770 781 860 875 N
963 779 1244 874 NA
1347 779 1430 874 L
1537 780 1588 874 I
1690 779 1780 874 U
1883 779 1991 873 M

1008 959 1558 1024 LIBERXV.

298 1309 721 1360 BREVIARIUM.
774 1309 893 1374 Cap.
928 1307 977 1356 1.
1006 1309 1059 1374 2.
1112 1307 1396 1372 Vologeses
1439 1324 1531 1358 rex
1572 1306 1865 1356 Parthorum
1906 1307 2090 1356 bellum
2121 1315 2300 1356 mente

369 1379 552 1437 volvit,
584 1377 940 1441 instigantibus
986 1376 1139 1426 fratre
1170 1376 1389 1426 Tiridate
1428 1385 1476 1426 et
1506 1375 1789 1426 Mouobazo
1809 1375 2096 1436 Adiabeno,
2140 1390 2296 1437 quem

368 1448 614 1510 Tigranes
636 1453 885 1496 vexarat.·
912 1444 968 1497 3.
1004 1443 1217 1494 Corbulo
1251 1445 1425 1508 Syriae
1457 1444 1670 1494 tuendae
1694 1443 1941 1508 providet.
2027 1445 2077 1492 4.
2117 1441 2296 1491 Parthi

367 1515 573 1563 Monese
601 1513 727 1560 duce
752 1512 1111 1576 Tigranocerta
1148 1513 1398 1562 obsident.
1461 1513 1510 1563 5.
1545 1511 1789 1577 Vologesi
1821 1511 2036 1563 Corbulo
2069 1510 2296 1559 indutias

370 1582 515 1632 offert
548 1589 596 1628 et
628 1581 877 1644 impetrat.
926 1579 1105 1630 6-8,
1142 1579 1410 1630 Caesennii
1438 1582 1577 1630 Paeti
1613 1580 1883 1628 Armeniae
1921 1593 2097 1630 recens
2142 1583 2295 1643 prae-—

368 1651 486 1700 fecti
518 1649 742 1706 vanitas,
780 1647 993 1708 ferocia,
1032 1647 1304 1712 imperitia,
1337 1650 1586 1700 iactantia.
1647 1647 1854 1700 9—11.
1886 1648 1966 1698 Ab
2003 1647 2294 1696 invadenda

372 1717 517 1781 Syria
544 1704 756 1766 Corbulo
782 1716 1025 1766 absterret
1051 1715 1293 1775 ParthoS,
1327 1719 1412 1780 qui
1436 1708 1706 1767 Armeniae
1732 1725 1782 1765 et
1798 1716 1950 1765 Paeto
1979 1716 2290 1764 incumbunt.

366 1787 457 1835 Hic
482 1799 635 1850 aegre
668 1783 1000 1833 Corbulonem
1028 1784 1215 1833 auxilio
1240 1794 1386 1834 vocat
1410 1785 1606 1834 Parthis
1637 1776 1994 1849 prementibus,
2051 1785 2132 1833 12.
2163 1785 2211 1832 Is
2237 1785 2304 1830 in'

366 1854 657 1903 Armeniam
684 1851 939 1916 profectus
958 1851 1223 1918 ‚fugientes
1251 1854 1512 1918 obiurgat,
1561 1846 1950 1902 suos'hortatur.
2013 1851 2093 1902 13.
2133 1851 2292 1900 Volo·—

368 1937 517 1989 geses
552 1921 705 1970 instat
735 1920 907 1970 Paeto.
974 1921 1056 1970 14.
1094 1919 1173 1970 15.
1208 1921 1515 1986 Disceptatio
1547 1923 1678 1970 inter
1705 1921 1958 1970 Romanos
1983 1927 2033 1968 et
2057 1918 2286 1977 Parthos,

364 2007 433 2041 ex
464 2005 563 2055 qua
591 1989 731 2042 Paeti
768 1988 919 2039 foeda
959 1990 1272 2055 compositio.
1331 1989 1411 2041 16.
1455 1989 1668 2041 Corbulo
1714 1991 1768 2038 in
1803 1988 2094 2038 Armeniam
2129 1987 2286 2039 venit.

372 2061 456 2111 17.
502 2060 652 2115 Paeto
696 2054 939 2124 increpito
967 2058 1163 2123 Syriam
1199 2060 1394 2125 repetit.
1449 2058 1530 2110 18.
1561 2058 1749 2107 Romae
1790 2058 1962 2106 inania
1998 2056 2062 2105 de
2091 2054 2292 2105 Parthis

368 2118 591 2192 tr'opaea.
668 2124 989 2179 Frumentum
1025 2126 1202 2191 plebis.
1258 2128 1554 2193 Vectigalia.
1624 2126 1704 2177 19.
1756 2124 1810 2175 S.
1840 2124 1892 2175 C.
1935 2125 1998 2174 de
2040 2124 2292 2173 simulatis

369 2194 739 2259 adoptionibus.
770 2192 853 2243 20.
880 2195 965 2245 21.
992 2194 1231 2244 Claudius
1257 2194 1549 2244 Timarchus
1574 2194 1824 2247 Cretensis
1849 2202 2131 2253 accusatur,
2159 2190 2293 2254 quod

306 2271 309 2277 '
366 2262 592 2311 Thrasea
624 2261 806 2311 Paetus
841 2262 907 2311 ad
949 2264 1136 2312 bonum
1165 2264 1418 2327 publicum
1460 2265 1621 2313 vertit.
1687 2264 1771 2312 22.
1817 2260 2084 2311 Decretum
2119 2268 2293 2324 grates

366 2330 687 2396 praesidibus
722 2344 825 2378 non
861 2331 1104 2395 agendas.
1160 2331 1413 2380 Portenta.
1463 2332 1548 2385 23.
1599 2330 1670 2379 Ob
1705 2330 1858 2381 filiam
1895 2328 2086 2378 Neroni
2121 2337 2292 2376 natam

368 2397 635 2446 immodica
661 2398 850 2459 gaudia
878 2406 927 2445 et
950 2397 1253 2447 frustranea.
1306 2401 1364 2448 In
1395 2400 1668 2450 Thraseam
1692 2398 1936 2463 principis
1962 2397 2153 2448 odium.
2205 2396 2289 2445 24.

348 2463 548 2527 „Legati
573 2462 871 2511 Parthorum
895 2464 1084 2512 Romae
1112 2467 1360 2515 irrisores.
1400 2468 1484 2517 25.
1511 2466 1649 2515 Bello
1675 2468 1971 2514 Armeniaco
2002 2464 2292 2529 praeficitur

366 2530 602 2582 Corbulo.
650 2529 1065 2580 Paetum-Caesar
1088 2532 1282 2581 facetiis
1309 2536 1599 2583 insectatur.
1633 2532 1718 2582 26.
1751 2533 1836 2581 27.
1871 2532 2089 2582 Corbulo
2115 2533 2171 2580 in
2195 2533 2292 2579 Ar-

367 2598 585 2647 meniam
618 2596 754 2647 ducit
786 2600 1060 2647 exercitum
1074 2636 1089 2660 ,
1126 2600 1324 2662 legatos
1348 2600 1646 2650 Parthorum
1671 2599 1836 2662 audit,
1874 2599 2158 2649 defectores
2195 2600 2292 2647 Ar-

366 2666 561 2715 menios
592 2665 863 2715 ulciscitur.
918 2665 1161 2716 28—30.
1194 2664 1443 2717 Tiridates
1479 2683 1510 2716 a
1537 2667 1818 2717 Corbulone
1852 2682 2027 2733 pacem
2051 2667 2205 2731 petit,
2244 2673 2292 2713 et

367 2732 533 2799 posito
576 2733 712 2797 apud
753 2732 977 2799 effigiem
1019 2733 1247 2784 Caesaris
1288 2737 1480 2801 insigni
1525 2735 1665 2799 regio
1704 2736 1936 2800 impetrat
1986 2734 2290 2797 comiterque

366 2801 615 2867 excipitur
643 2816 673 2849 a
702 2801 996 2851 Corbulone.
1061 2801 1145 2851 31.
1177 2802 1447 2869 Vologesis
1478 2818 1571 2868 pro
1605 2803 1758 2852 fratre
1789 2802 2090 2865 sollicitudo.

472 2868 557 2918 32.
591 2870 805 2933 Alpinos
827 2870 1103 2919 maritimos
1132 2869 1264 2920 Nero
1292 2874 1345 2920 in
1372 2874 1450 2921 ius
1473 2872 1604 2920 Latii
1630 2870 1886 2921 transfert.
1908 2871 2159 2935 'Equitum
2191 2868 2292 2918 Ro-

368 2950 631 2987 manorum
654 2938 709 2985 in
730 2938 862 2986 circo
888 2938 1023 2987 locos
1048 2938 1292 2989 sedilibus
1316 2940 1477 3005 plebis
1498 2940 1772 3005 anteponit.
1807 2939 2044 2989 Feminae
2068 2938 2291 2987 illustres

368 3013 727 3068 senatoresque
767 3006 819 3053 in
856 3020 1032 3057 arena..
1084 3005 1167 3056 33.
1219 3006 1353 3057 Nero
1377 3009 1487 3073 ipse
1515 3006 1727 3072 Neapoli
1760 3022 1993 3059 scaenam
2019 3005 2289 3055 inscendit.

368 3072 454 3125 34.
489 3072 758 3122 Theatrum
780 3074 893 3123 ruit.
927 3074 1200 3126 Beneventi
1227 3075 1360 3125 Nero
1384 3090 1567 3125 munus
1593 3076 1780 3124 Vatinii
1806 3081 2012 3140 spectat.
2045 3074 2131 3124 35.
2161 3073 2288 3122 Tor-

370 3149 574 3205 quatum
612 3141 836 3191 Silanum
867 3144 995 3192 mori
1037 3143 1211 3209 adigit.
1274 3143 1359 3194 36.
1406 3145 1504 3193 Iter
1527 3143 1718 3193 frustra
1741 3144 2009 3192 meditatur
2035 3142 2090 3190 in
2115 3140 2290 3191 Orien-

367 3217 483 3258 tem.
550 3209 636 3259 37.
672 3210 911 3260 Convivia
947 3211 1070 3260 luxu
1097 3211 1247 3261 foeda
1269 3212 1485 3261 celebrat
1519 3206 1749 3261 ministro
1777 3211 2041 3277 Tigellino.
2103 3208 2288 3273 Pytha-

368 3292 523 3342 gorae
554 3279 712 3327 nubit.
768 3278 851 3329 38.
878 3277 964 3329 39.
991 3278 1169 3329 Clades
1192 3280 1380 3329 Romae
1403 3296 1469 3329 ex
1485 3280 1733 3341 incendic,
1765 3280 1894 3329 forte
1918 3292 1980 3328 an
2007 3279 2123 3328 dolo
2150 3278 2290 3342 prin-

366 3346 520 3409 cipis,
574 3348 657 3408 qni
688 3348 741 3395 in
782 3346 1057 3396 remedium
1097 3350 1254 3397 multa
1294 3348 1557 3413 popularia
1589 3356 1818 3414 usurpat.
1875 3346 1962 3401 40.
1994 3348 2080 3397 41.
2120 3345 2290 3396 Cladis

367 3414 679 3476 magnitudo.
729 3414 901 3465 Novae
925 3416 1065 3465 urbis
1097 3416 1388 3466 condendae
1415 3416 1696 3465 consilium.
1753 3416 1838 3466 42.
1866 3416 1944 3464 Ex
1965 3416 2158 3481 patriae
2186 3414 2290 3463 rui-

371 3479 449 3527 nis
482 3482 1003 3533 immensamflomum
1036 3486 1221 3534 extruit
1260 3484 1406 3534 Nero.
1467 3484 1660 3534 Maiora
1703 3485 1891 3534 frustra
1925 3484 2144 3535 molitur.
2200 3480 2286 3532 43.
