2475 4000
380 217 505 284 296
578 281 583 290 ,
885 213 1211 278 conmuni
1243 211 1473 278 'rAcrr'l
1498 229 1860 278 mmmmm

379 385 527 444 tanis
562 384 853 461 repperit,
897 391 1013 444 no'n
1056 385 1402 445 incuriosum
1439 382 1661 443 fratris:
1719 383 1934 462 quippe
1987 390 2046 442 et
2099 384 2388 464 propriis

380 467 585 526 nuntiis
614 485 646 526 a
672 465 1003 527 Corbulone
1035 467 1310 545 petierat,
1357 484 1433 525 ne
1474 484 1636 544 quam
1675 467 1974 542 imaginem
2009 467 2234 527 servitii
2271 467 2378 527 Ti·

378 549 592 608 ridates
636 550 921 628 perferret
960 568 1071 610 neu
1115 549 1328 608 ferrum
1359 546 1608 609 traderet
1639 558 1737 610 aut
1777 549 2081 628 complexu
2117 551 2382 628 provin·

330 645 359 684 ⁵
380 634 509 692 cias
539 635 912 732 optinentium
950 642 1248 693 arceretur
1281 631 1576 692 foribusve
1614 650 1811 692 eorum
1841 632 2180 709 adsisteret,
2235 643 2380 694 tan-

296 744 303 750 ·
376 726 580 795 tusque
628 710 681 776 ei
718 717 939 777 Romae
988 725 1227 794 quantus
1273 714 1600 775 consulibus
1647 715 1832 776 honor
1876 726 2054 776 esset.
2124 718 2384 778 scilicet

376 809 649 860 externae
682 799 985 878 superbiae
1016 809 1178 860 sueto
1208 817 1324 859 non
1354 799 1534 858 inerat
1567 789 1766 860 notitia
1793 800 1994 877 nostri,
2025 799 2180 878 apud
2201 819 2380 880 qnos

374 885 462 944 vis
490 883 716 961 imperii
742 883 917 959 valet,
948 884 1134 942 inania
1164 883 1562 942 tramittuntur.

498 967 597 1028 32.
636 966 857 1026 Eodem
892 984 1038 1026 anno
1072 966 1287 1027 Caesar
1318 966 1576 1024 nationes
1603 964 1834 1045 Alpium
1863 966 2272 1026 maritimarum
2305 968 2372 1026 in

374 1051 461 1111 ius
489 1049 633 1109 Latii
663 1049 965 1110 transtulit.
1028 1051 1277 1127 equitum
1299 1044 1681 1109 Romanorum
1715 1049 1883 1108 locos
1915 1048 2196 1109 sedilibus
2229 1049 2370 1128 ple-

294 1125 307 1136 *
372 1135 461 1193 bis
494 1134 818 1212 anteposuit
844 1133 992 1211 apud
1022 1134 1260 1202 circum;
1303 1150 1544 1211 namque
1585 1132 1659 1193 ad
1704 1149 1828 1192 eam
1866 1132 2016 1193 diem
2056 1133 2376 1194 indiscreti

372 1216 619 1292 inibant,
650 1219 780 1294 quia
809 1215 906 1276 lex
937 1215 1150 1277 Roscia
1176 1215 1312 1275 nihil
1341 1216 1448 1274 nisi
1480 1216 1552 1274 de
1582 1215 2029 1294 quattuordecim
2054 1217 2372 1277 ordinibus

327 1313 351 1350 5
373 1300 576 1360 sanxit.
640 1299 972 1377 spectacula
1002 1291 1396 1378 gladiatorum
1435 1298 1584 1358 idem
1623 1317 1801 1359 annus
1839 1299 2034 1359 habuit
2075 1301 2204 1379 pari
2237 1319 2370 1360 ma-

358 1379 703 1460 ‘gnilicentia
743 1401 811 1443 ac
852 1383 1076 1462 priora;
1122 1382 1225 1442 sed
1265 1383 1598 1442 feminarum
1635 1383 1951 1482 inlustrium
1997 1393 2366 1444 senatorum·

373 1483 483 1543 que
514 1465 710 1542 plures
740 1483 847 1544 per
880 1483 1109 1528 arenam
1132 1461 1350 1526 foedati
1379 1473 1528 1526 sunt.

495 1546 595 1608 33.
644 1545 709 1607 G.
748 1547 1033 1609 Laecanio
1080 1550 1155 1610 M.
1204 1549 1424 1609 Licinio
1473 1547 1803 1609 consulibus
1849 1550 2075 1610 acriore
2124 1551 2180 1610 in
2225 1551 2366 1610 dies

372 1630 639 1710 cupidine
689 1630 1027 1708 adigebatur
1063 1631 1222 1703 Nero
1270 1633 1585 1710 promiscas
1627 1649 1870 1692 scaenas
1921 1633 2358 1712 frequentandi.

368 1727 495 1774 nam
534 1713 717 1773 adhuc
762 1733 869 1793 per
912 1714 1135 1775 domum
1163 1724 1258 1775 aut
1288 1715 1490 1776 hortos
1531 1716 1823 1776 cecinerat
1861 1716 2224 1777 iuvenalibus
2267 1718 2363 1778 lu-

370 1797 489 1872 dis,
535 1814 679 1875 quos
720 1802 783 1857 'ut
811 1816 1009 1877 parum
1052 1797 1320 1858 celebres
1359 1807 1418 1858 et
1461 1807 1652 1860 tantae
1695 1800 1828 1859 voci
1867 1808 2147 1877 angustos
2180 1817 2358 1880 sper-

317 1879 558 1940 suebat.
638 1898 752 1941 non
794 1891 979 1942 tamen
1023 1883 1244 1943 Romae
1295 1883 1552 1960 incipere
1606 1900 1776 1956 ausus
1823 1881 2131 1961 Neapolim
2181 1883 2362 1962 quasi
2468 1909 2469 1955 1

370 1962 645 2025 Graecam
671 1965 869 2027 urbem
898 1964 1145 2045 delegit:
1177 1967 1308 2027 inde
1335 1967 1546 2027 initium
1574 1966 1736 2043 fore,
1767 1975 1828 2027 ut
1859 1975 2260 2045 transgressus
2292 1969 2360 2029 in

366 2047 643 2109 Achaiam
684 2050 1057 2129 insignesque
1099 2060 1157 2111 et
1213 2052 1518 2129 antiquitus
1560 2068 1755 2110 sacras
1805 2067 2049 2111 coronas
2101 2051 2358 2150 adeptu-s

364 2133 581 2192 maiore
625 2133 773 2193 fama
814 2134 992 2195 studia
1040 2137 1244 2194 civium
1286 2134 1574 2201 eliceret.
1610 2151 1756 2211 ergo
1797 2142 2148 2195 contractum
2159 2152 2354 2235 ορριρ

366 2216 639 2275 danorum
677 2217 921 2294 volgus,
966 2228 1025 2278 et
1069 2234 1215 2297 quos
1257 2236 1290 2277 e
1333 2212 1604 2297 proximis
1634 2217 1878 2277 coloniis
1923 2225 1979 2277 et
2021 2218 2356 2296 municipiis

293 2298 489 2357 meins
536 2300 622 2357 rei
663 2298 811 2359 fama
850 2302 1169 2376 acciverat,
1211 2302 1420 2380 quique
1457 2300 1766 2361 Caesarem
1809 2318 1915 2379 per
1928 2300 2224 2361 honorem
2255 2311 2354 2363 ant

364 2381 557 2440 varios
584 2400 721 2441 usus
752 2393 1059 2461 sectantur,
1096 2386 1268 2445 etiam
1294 2384 1523 2445 militum
1554 2384 1848 2463 manipuli,
1877 2384 2157 2445 theatrum
2192 2384 2353 2445 Nea-

362 2463 745 2545 politanorum
780 2467 1088 2546 complent.

486 2548 587 2610 34.
632 2549 789 2627 Illic,
818 2551 1081 2630 plerique
1110 2561 1169 2611 ut
1194 2551 1644 2626 arbitrabantur,
1688 2549 1880 2627 triste,
1927 2561 1986 2611 nt
2013 2552 2176 2631 ipse,
2209 2570 2347 2631 pro-

360 2629 549 2693 vidum
578 2634 771 2711 potius
798 2643 856 2693 et
893 2632 1160 2695 secundis
1187 2634 1508 2694 numinibus
1537 2634 1759 2693 evenit:
1808 2651 1936 2694 nam
1967 2652 2216 2711 egresso
2249 2636 2352 2713 qui

359 2713 621 2775 adfuerat
661 2717 879 2795 populo
922 2736 1161 2778 vacuum
1204 2727 1264 2778 et
1307 2719 1427 2778 sine
1481 2718 1648 2779 ullius
1689 2734 1840 2777 noxa
1882 2716 2162 2778 theatrum
2205 2736 2346 2777 con-

361 2797 581 2876 lapsum
618 2808 725 2859 est.
800 2818 944 2879 ergo
989 2820 1097 2880 per
1140 2802 1481 2880 conpositos
1536 2810 1734 2862 cantus
1785 2810 1986 2877 grates
2029 2800 2116 2862 dis
2171 2810 2347 2899 atque

310 2903 337 2937 ει
362 2882 545 2958 ipsam
586 2885 839 2943 recentis
884 2902 1051 2944 casus
1090 2886 1378 2947 fortunam
1408 2884 1712 2946 celebrans
1743 2880 2138 2969 petiturusque
2169 2886 2344 2945 maris

353 2964 602 3026 Hadriae
651 2967 923 3027 traiectus
976 2968 1127 3047 apud
1181 2963 1571 3043 Beneventum
1617 2970 1839 3033 interim
1897 2950 2198 3045 consedit,
2248 2968 2348 3027 ubi

353 3046 753 3135 gladiatorium
808 3068 1007 3112 munus
1055 3069 1090 3114 a
1133 3054 1364 3113 Vatinio
1413 3052 1650 3112 celebre
1707 3051 1999 3112 edebatur.
2073 3052 2342 3113 Vatinius

353 3133 501 3191 inter
541 3132 869 3195 foedissima
916 3137 1041 3195 eius
1090 3137 1256 3196 aulae
1299 3142 1525 3196 ostenta
1565 3136 1720 3211 fuit,-
1757 3136 2010 3197 sutrinae
2064 3136 2343 3196 tabernae

354 3214 641 3294 alumnus,
678 3235 929 3297 corpore
961 3219 1222 3296 detorto,
1253 3220 1480 3281 facetiis
1508 3181 1863 3295 scurrilibus,
1899 3220 2079 3318 primo
2113 3220 2170 3278 in
2203 3237 2343 3279 con·

284 3314 335 3356 10
352 3288 614 3359 tum'elias
642 3298 1000 3380 ad3sun1ptus
1046 3301 1256 3362 dehinc
1290 3304 1488 3382 optimi
1527 3304 1799 3382 cuiusque
1845 3304 2236 3363 criminatione
2268 3316 2344 3361 eo

353 3399 535 3459 usque
579 3383 783 3461 valuit,
842 3394 899 3446 ut
950 3388 1169 3463 gratia,
1224 3388 1501 3464 pecunia,
1553 3387 1608 3446 vi
1653 3384 1902 3447 nocendi
1943 3387 2113 3447 etiam
2154 3386 2344 3445 malos

352 3465 756 3542 praemineret.
828 3489 841 3493 ·
