2475 4000
676 191 885 242 mnan
926 163 1076 241 intr.
1124 194 1275 242 caru
1310 193 1550 249 ιιι-49.
1997 187 2124 252 247

118 345 419 423 dictitans,
454 363 567 407 nec
598 365 776 426 posse
809 350 1219 422 matrimonium
1255 351 1548 426 mittere,
1561 349 1886 412 devinctam
1915 350 2125 412 Othoni

122 449 231 512 per
262 446 457 508 genus
484 434 649 492 vitae
649 432 851 510 ,quod
870 450 1067 492 mmo
1060 433 1454 512 adaequaret:
1485 433 1641 493 illum
1665 435 1858 494 animo
1883 444 1942 496 et
1967 435 2125 496 cultu

118 516 527 592 mgnfficum3
556 515 639 574 ibi
668 534 740 576 se
768 533 983 577 summa
1012 515 1237 578 fortuna
1264 517 1441 594 digna
1473 517 1695 577 visere:
1728 527 1786 578 at
1813 517 2122 598 Neronem,

124 599 361 678 paelice
396 599 609 670 ancilla
642 610 699 660 et
730 599 1101 660 adsuetudine
1136 600 1318 662 Actes
1345 601 1706 677 devinctum,
1737 600 1876 660 nihil
1910 620 1948 661 e
1977 618 2192 664 cen-1⁵

120 683 399 742 tubernio
444 683 642 743 servssi
683 685 793 744 nisi
834 683 1119 747 abiectum
1150 694 1209 746 et
1239 683 1528 745 sordidam
1547 685 1828 744 traxisse.
1883 684 2126 747 deicitur

122 765 519 826 familiaritate
556 777 749 845 sueta,
792 778 937 847 post
976 784 1297 846 congressu
1326 777 1400 828 set
1427 769 1706 829 ‘comitatu
1735 767 1922 844 Otho,
1949 761 2018 829 e't
2053 770 2126 830 ad

124 859 526 929 postremum,
558 869 632 910 ne
660 854 719 910 in
750 851 893 915 urbe
924 853 1241 914 aemulatus
1270 861 1508 931 ageret,
1538 853 1878 931 ,provinciae
1907 851 2122 912 Lusita·

124 936 255 994 niae
277 935 649 1012 praeficitur;
684 935 779 994 ubi
822 954 1001 1014 usque
1040 937 1113 997 ad
1145 936 1335 996 civilia
1365 955 1521 997 arma
1555 953 1672 996 non
1713 955 1788 996 ex
1809 937 2014 1014 priore
2045 937 2123 996 in-

120 1017 298 1078 famia
338 1017 447 1077 sed
489 1019 717 1096 integre
754 1029 1073 1099 sancteque
1114 1023 1265 1097 egit,
1310 1034 1532 1098 procax
1561 1021 1676 1081 otii
1701 1028 1780 1078 ··et
1821 1021 2125 1098 potestatis
2141 1032 2194 1072 20

124 1104 565 1180 temperantior.

250 1185 358 1244 47.
354 1211 365 1217 ·
402 1185 697 1246 Hactenus
721 1186 877 1246 Nero
908 1185 1139 1264 flagitiis
1160 1196 1225 1247 et
1253 1186 1574 1247 sceleribus
1601 1186 1921 1246 velamenta
1949 1203 2121 1285 quae-

122 1271 279 1329 sivit.
351 1270 731 1368 suspectabat
765 1271 1015 1330 maxime
1063 1269 1393 1330 Cornelium
1421 1271 1670 1347 Sullam,
1713 1285 1918 1330 secors
1959 1272 2150 1347 inge-

123 1355 277 1412 nium
310 1355 437 1412 eius
478 1355 535 1412 ia
570 1356 915 1414 contra-ium
961 1353 1193 1414 trahens
1229 1353 1626 1435 callidumque
1651 1362 1710 1414 et
1732 1353 2124 1414 simulatorem

122 1436 583 1514 interpretando.
644 1457 855 1516 quem
893 1447 1101 1498 metum
1141 1437 1392 1518 Graptus
1438 1457 1516 1499 ex
1559 1427 1796 1503 libentis
1833 1435 2120 1513 Caesaris,
2211 1436 2216 1440 ’

118 1539 228 1580 usu
266 1529 328 1579 et
362 1528 611 1581 senecta
652 1521 885 1583 Tiberio
928 1519 1189 1600 abusque
1230 1521 1458 1582 domum
1493 1523 1816 1600 principum
1859 1521 2170 1605 edoctum

122 1604 221 1664 tali
247 1603 556 1664 mendacio
592 1606 851 1665 intendit.
916 1624 1065 1684 pons
1092 1605 1338 1666 Mulvius
1377 1608 1434 1666 in
1467 1623 1542 1666 eo
1574 1614 1839 1684 tempore
1872 1589 2122 1665 celebris

120 1689 426 1747 nocturnis
453 1687 765 1748 inlecebris
799 1698 955 1758 erat;
1002 1690 1430 1788 ventitabatque
1472 1689 1612 1749 illuc
1639 1689 1828 1765 Nero,
1872 1706 1988 1766 quo
2028 1706 2122 1748 so-

121 1772 299 1831 lutius
346 1769 547 1830 urbem
597 1781 759 1832 extra
798 1773 1111 1834 lasciviret.
1200 1774 1378 1850 igitur
1412 1771 1770 1852 roeredi-enti
1807 1787 1924 1850 ?per
1974 1773 2122 1832 viam

121 1854 461 1914 Flaminiam
492 1857 843 1934 compositas
872 1857 1105 1918 insidias
1147 1857 1381 1935 fatoque
1410 1857 1684 1929 evitatas,
1729 1855 1994 1932 quoniam
2034 1855 2121 1916 di-

120 1955 304 1999 verso
335 1939 543 2000 itinere
573 1939 953 2002 Sallustianos
981 1943 1039 2001 in
1065 1939 1266 2003 hortos
1298 1939 1673 2013 remeaverit,
1713 1945 2118 2017 auctoremque
2141 1956 2212 1996 lo·

122 2026 253 2082 eius
268 2021 417 2081 ‘doli
446 2023 664 2083 Sullam
704 2027 1037 2100 ementitur,
1085 2025 1215 2103 quia
1245 2023 1396 2085 forte
1445 2018 1818 2081 redeuntibus
1841 2021 2120 2081 ministris

124 2106 411 2185 principis
442 2106 669 2185 quidam
699 2127 807 2188 per
836 2104 1156 2169 iuvenalem
1192 2106 1511 2183 licentiam,
1553 2122 1698 2183 quae
1738 2112 1872 2163 tun-c
1904 2105 2119 2183 passim

124 2189 545 2268 exercebatur,
586 2192 811 2253 inanem
836 2189 1360 2251 metumfecerant.
1415 2204 1608 2267 neque
1641 2203 1938 2248 servorum
1967 2190 2117 2266 quis-

120 2292 295 2352 quam
322 2291 515 2352 neque
562 2274 851 2337 clientium
876 2274 1075 2336 Sullae
1101 2274 1399 2353 adgnitus,
1443 2274 1804 2373 maximeque
1841 2273 2118 2351 despecta

120 2366 181 2417 et
208 2358 423 2417 nullius
454 2360 585 2418 -ausi
628 2376 817 2439 capax
847 2367 1045 2421 natura
1080 2361 1203 2419 eius
1233 2377 1266 2419 a
1300 2358 1533 2418 crimine
1566 2355 1944 2417 abhorrebat.
1990 2370 2188 2435 per-15

118 2441 258 2501 inde
292 2450 491 2501 tamen
532 2443 695 2522 quasi
746 2444 1043 2505 convictus
1074 2450 1272 2519 esset,
1335 2441 1546 2503 cedere
1582 2439 1802 2520 patria
1805 2445 1884 2499 et
1918 2438 2116 2499 Massi-

108 2525 388 2585 liensium
418 2526 717 2589 moenibus
744 2528 1009 2588 coerceri
1039 2526 1319 2587 iubetur.-

242 2608 351 2671 48.
384 2608 583 2669 Isdem
626 2611 957 2686 consulibus
1012 2610 1234 2672 auditae
1275 2609 1718 2675 Puteolanorum
1768 2605 2116 2683 legationes,

122 2710 269 2770 quas
300 2692 563 2755 diversas
596 2694 741 2754 ordo
774 2694 944 2773 plebs
977 2694 1049 2757 ad
1078 2703 1335 2755 senatum
1363 2696 1670 2767 miserant,
1711 2690 1796 2751 illi
1832 2692 1944 2749 vim
1977 2686 2116 2749 mul-

120 2775 406 2853 titudinis,
449 2777 509 2836 hi
548 2780 979 2854 magistratuum
1014 2788 1075 2839 et
1108 2779 1283 2858 primi
1307 2777 1578 2876 cariusque
1613 2776 1906 2835 avaritiam
1933 2775 2118 2833 incre-

123 2869 353 2937 pantes.
436 2878 617 2940 eaque
651 2862 855 2922 seditio
889 2862 961 2923 ad
990 2880 1130 2922 saxa
1160 2870 1219 2921 et
1249 2879 1427 2921 minas
1456 2861 1668 2938 ignium
1701 2874 2015 2938 progressa
2039 2874 2119 2915 ne

120 2943 367 3003 caedem
410 2953 471 3003 et
512 2960 666 3005 arma
705 2946 1059 3024 proliceret,
1103 2944 1169 3004 C.
1205 2943 1443 3005 Cassius
1489 2942 1811 3003 adhibendo
1859 2938 2114 3003 remedio
2140 2960 2165 2999 5

120 3025 407 3089 delectus.
491 3046 621 3106 qma
669 3030 1041 3089 severitatem
1088 3028 1248 3087 eius
1269 3046 1390 3089 -non
1430 3026 1788 3103 tolerabant,
1839 3032 2121 3104 precante

121 3110 251 3188 ipso
292 3112 369 3172 ad
399 3111 738 3173 Scribonios
777 3113 987 3173 fratres
1024 3130 1093 3173 ea
1124 3129 1284 3171 oura-
1275 3110 1668 3186 ·transfertur,
1710 3108 1840 3169 data
1875 3106 2123 3183 cohorte

120 3197 450 3272 praetoria,
484 3198 645 3257 cuius
672 3206 900 3257 terrore
930 3205 989 3255 et
1018 3212 1332 3274 paucorum
1362 3194 1650 3271 supplicio
1685 3192 1854 3252 rediit
1871 3190 2118 3270 oppida·

119 3278 209 3337 nis
228 3241 575 3341 cononi-dia.
650 3311 655 3320 ·

244 3364 351 3425 49.
394 3362 529 3423 Non
556 3364 839 3429 referrem
868 3363 1328 3441 vulgarissimum
1357 3369 1590 3423 senatus
1621 3360 1973 3447 consultum,
2005 3375 2118 3437 quo

118 3447 343 3507 civitati
392 3448 887 3525 Syracusanorum
936 3447 1141 3526 egredi
1193 3460 1485 3513 numerum
1544 3432 1784 3505 edendis
1834 3442 2117 3521 gladiato·
