2475 4000
687 145 897 224 innan
924 146 1035 191 XV.
1070 144 1216 192 cAP.
1244 144 1482 198 58—61.
1955 134 2082 199 309

56 298 223 361 illud
282 298 463 357 breve
516 300 714 357 mortis
766 298 1059 358 arbitrium
1110 294 1488 375 permitteret.
1551 310 1752 379 raptus
1795 304 1852 361 in
1889 302 2080 363 locum

64 382 399 443 servilibus
457 384 664 460 poenis
710 384 1025 461 sepositum
1076 401 1240 442 manu
1285 380 1449 441 Statii
1495 383 1701 443 tribuni
1745 386 2077 464 trucidatur,

64 467 293 547 plenus
342 468 655 526 constantis
704 466 915 526 silentii
956 484 1065 525 nec
1105 465 1332 525 tribuno
1373 466 1634 525 obiciens
1665 470 1902 529 eandem
1939 488 2073 531 con·
2099 496 2126 535 5
2181 522 2193 528 ,

66 552 407 611 scientiam.

210 636 487 712 Sequitur
545 633 757 704 caedes
810 633 1029 693 Annaei
1078 635 1375 710 Senecae,
1442 628 1752 695 laetissilna
1813 639 2075 715 principi,

66 737 195 778 non
230 719 366 796 quia
396 718 807 777 coniurationis
847 718 1205 776 manifestum
1228 729 1643 796 compererat,
1692 719 1796 779 sed
1832 728 1890 777 ut
1916 720 2076 781 ferro

68 811 475 881 grassaretur,
508 801 737 879 quando
765 818 1045 860 venenum
1072 817 1188 861 non
1220 802 1610 878 processerat.
1669 804 1830 862 solus
1862 803 2075 882 quippe

67 887 305 947 Natalis
336 894 393 945 et
420 885 696 945 hactenus
728 886 1041 963 prompsit,
1086 887 1422 945 missum.se
1463 885 1534 945 ad
1563 895 1865 963 aegrotum
1897 886 2072 945 Sene·
2095 907 2146 947 10

73 988 227 1045 cam,
262 972 342 1029 uti
377 970 595 1028 viseret
627 974 1195 1047 conquerereturque
1224 986 1326 1029 cur
1350 968 1616 1029 Pisonem
1639 969 1794 1030 aditu
1819 979 2076 1031 arceret:

68 1055 288 1113 melius
330 1053 493 1128 fore,
542 1054 591 1111 si
638 1054 938 1112 amicitiam
981 1053 1246 1112 familiari
1290 1069 1611 1129 congressu
1657 1054 2077 1113 exercuissent.

74 1149 149 1199 et·
168 1137 553 1216 respondisse
596 1139 877 1195 Senecam
925 1152 1227 1195 sermones
1271 1145 1494 1196 mutuos
1545 1146 1602 1196 et
1635 1138 1842 1197 crebra
1879 1138 2078 1197 conlo-

73 1223 210 1301 quia
254 1222 445 1280 neutri
488 1220 842 1288 conducere;
906 1227 1161 1279 ceterum
1202 1220 1445 1279 salutem
1489 1239 1644 1281 suam
1685 1221 2076 1281 incolumitate

72 1307 311 1366 Pisonis
358 1306 536 1363 inniti.
604 1304 752 1363 haec
795 1304 953 1362 ferre
986 1303 1197 1363 Gavius
1234 1304 1502 1363 Silvanus
1543 1304 1800 1364 tribunus
1847 1313 2150 1384 praeto-15

71 1392 200 1449 riae
238 1389 530 1464 cohortis,
576 1396 635 1447 et
680 1405 750 1445 an
792 1387 943 1446 dicta
976 1385 1197 1446 Natalis
1240 1404 1455 1476 suaque
1485 1406 1771 1467 responsa
1801 1397 2078 1448 nosceret

75 1473 417 1552 percontari
460 1472 743 1530 Senecam
778 1470 1021 1530 iubetur.
1098 1473 1149 1529 is
1195 1470 1348 1529 forte
1399 1489 1467 1530 an
1521 1473 1774 1551 prudens
1825 1472 1896 1532 ad
1949 1490 2075 1531 eum

76 1558 232 1617 diem
262 1574 339 1615 ex
364 1552 672 1633 Campania
703 1562 1065 1613 remeaverat
1088 1564 1462 1632 quartumque
1491 1557 1640 1635 apud
1670 1556 1918 1639 lapidem
1944 1556 2074 1615 sub-

76 1640 303 1700 urbano
358 1657 492 1698 rure
549 1638 894 1698 substiterat.
986 1632 1086 1697 illo
1141 1641 1464 1717 propinqua
1512 1658 1762 1719 vespera
1817 1632 2076 1699 tribunus

77 1725 241 1784 venit
271 1734 329 1783 et
358 1724 549 1783 villam
583 1722 780 1800 globis
814 1723 1049 1781 militum
1081 1725 1326 1802 saepsit;
1335 1728 1475 1781 ‘tum
1503 1725 1616 1801 ipsi
1649 1742 1774 1783 cum
1799 1723 2074 1801 Pbmpeia
2093 1746 2148 1786 20

78 1807 317 1868 Paulina
347 1826 529 1868 uxore
562 1816 619 1867 et
662 1807 859 1866 amicis
890 1806 1110 1866 duobus
1138 1806 1390 1883 epulanti
1420 1806 1679 1865 mandata
1708 1808 2077 1884 imperatoris

81 1891 277 1951 edidit.

210 1975 312 2036 61.
363 1975 587 2035 Seneca
639 1976 871 2035 missum
914 1973 985 2033 ad
1027 1991 1093 2032 se
1132 1971 1397 2032 Natalem
1440 1980 1933 2051 conquestumque
1974 1992 2077 2035 no-

81 2063 237 2120 mine
282 2059 506 2118 Pisonis
536 2059 693 2136 quod
738 2076 769 2117 a
819 2056 1055 2115 visendo
1091 2072 1164 2115 eo
1210 2055 1640 2135 prohiberetur,
1688 2074 1870 2134 seque
1901 2059 2076 2117 ratio-

86 2159 218 2202 nem
248 2140 589 2200 valetudinis
620 2150 677 2200 et
708 2157 960 2200 amorem
989 2141 1197 2218 quietis
1222 2140 1598 2198 excusavisse
1621 2140 1942 2218 respondit.
1977 2159 2078 2200 cur

89 2224 331 2285 salutem
361 2225 569 2302 privati
598 2224 845 2283 hominis
872 2224 1247 2282 incolumitati
1279 2241 1418 2283 suae
1451 2224 1799 2301 anteferret,
1847 2242 2076 2285 causam

86 2326 205 2369 non
244 2306 545 2376 babuisse;
600 2325 709 2366 nec
750 2306 861 2366 sibi
901 2316 1222 2386 promptum
1265 2309 1322 2366 in
1363 2307 1721 2368 adulationes
1765 2309 2069 2385 ingenium.
2096 2330 2123 2368 5

87 2393 257 2470 idque
294 2390 433 2450 nulli
465 2392 651 2467 magis
690 2408 929 2467 gnarum
960 2409 1127 2468 quam
1154 2388 1406 2474 Neroni,
1451 2389 1552 2469 qui
1577 2391 1809 2469 saepius
1842 2387 2074 2452 lib'erta-

88 2487 206 2537 tem
250 2475 511 2535 Senecae
564 2492 731 2553 quam
789 2476 1081 2534 servitium
1136 2484 1416 2552 expertus
1465 2483 1639 2535 esset.
1705 2475 1803 2534 uhi
1849 2475 1996 2534 haec
2043 2487 2076 2535 a

90 2558 315 2621 tribuno
354 2558 535 2618 relata
580 2567 711 2617 sunt
748 2558 1021 2638 Poppaea
1062 2568 1121 2618 et
1151 2558 1438 2634 Tigellino
1485 2576 1714 2634 coram,
1762 2558 1922 2637 quod
1953 2568 2077 2619 erat

93 2644 367 2704 saevienti
400 2645 645 2722 principi
690 2644 938 2702 intimum
968 2643 1370 2717 consiliorum,
1403 2644 1722 2718 interrogat
1750 2661 1821 2701 an
1850 2644 2077 2702 Seneca
2120 2669 2146 2682 2

94 2728 467 2788 voluntariam
516 2736 759 2786 mortem
822 2736 1072 2805 pararet.
1156 2735 1272 2784 tum
1325 2726 1582 2785 tribunus
1631 2726 1787 2785 nulla
1837 2728 2075 2805 pavoris
2096 2746 2147 2786 ιο

96 2815 290 2888 signa,
330 2811 469 2870 nihil
512 2813 675 2870 triste
718 2811 775 2868 in
820 2809 1015 2868 verbis
1059 2811 1181 2868 eius
1222 2819 1315 2869 aut
1357 2811 1514 2869 vultu
1547 2809 1892 2887 deprensum
1939 2825 2074 2868 con·

95 2895 349 2956 firmavit.
423 2911 569 2970 ergo
616 2893 850 2970 regredi
894 2902 953 2952 et
1010 2893 1267 2954 indicere
1312 2902 1552 2954 mortem
1605 2892 1848 2953 iubetur.
1905 2892 2078 2954 tradit

95 2977 305 3040 Fabius
340 2979 611 3038 Rusticus
649 2995 763 3037 non
811 2995 880 3036 eo
936 2994 1051 3054 quo
1107 2987 1346 3037 venerat
1399 2980 1602 3036 itinere
1642 2977 1911 3053 reditum,
1971 2977 2076 3036 sed

96 3063 323 3122 flexisse
358 3061 430 3121 ad
469 3061 738 3121 Faenium
769 3060 1155 3138 praefectum,
1206 3069 1264 3120 et
1295 3063 1578 3138 expositis
1607 3059 1874 3120 Caesaris
1903 3062 2076 3120 iussis

99 3164 170 3206 an
197 3143 620 3224 obtemperaret
656 3146 1143 3221 interrogavisse,
1186 3145 1570 3222 monitumque
1603 3143 1674 3204 ab
1706 3161 1779 3203 eo
1819 3154 1878 3203 ut
1907 3160 2146 3203 exse-15

101 3238 385 3308 queretur,
418 3229 576 3289 fatali
608 3231 854 3288 omnium
885 3229 1133 3304 ignavia.
1204 3245 1332 3286 nam
1363 3235 1422 3286 et
1459 3229 1725 3287 Silvanus
1759 3228 1908 3286 inter
1936 3244 2072 3287 con-

102 3315 308 3371 iuratos
352 3323 477 3373 erat
522 3311 885 3390 augebatque
927 3310 1188 3387 scelera,
1228 3312 1288 3370 in
1335 3329 1573 3389 quorum
1617 3311 1890 3371 ultionem
1935 3328 2072 3371 con-

103 3405 374 3457 senserat.
438 3399 569 3456 voci
612 3407 799 3458 tamen
842 3404 900 3454 et
944 3397 1203 3473 aspectui
1236 3397 1502 3475 pepercit
1539 3395 1958 3474 intromisitque
2002 3394 2074 3455 ad
