2475 4000
701 196 910 244 LIBER
937 196 1009 245 11.
1055 190 1204 244 cAP.
1248 193 1476 265 6—11.
1983 186 2093 245 '45

51 356 413 415 transiere:
455 360 807 432 postremum
847 351 1182 409 auxiliorum
1231 368 1438 427 agmen
1474 344 1787 429 Batavique
1824 358 1883 413 in
1927 366 2091 435 parte

73 458 148 498 ea
168 484 188 515 ,
243 439 380 497 dum
429 435 700 496 insultant
737 436 904 513 aquis
943 444 1238 513 artemque
1286 434 1455 493 nandi
1508 444 1823 516 ostentant,
1879 440 2090 500 turbati

75 532 138 581 et
175 521 417 600 quidam
444 520 632 580 hausti
661 528 808 577 sunt.
871 520 1104 577 metanti
1135 524 1324 578 castra
1354 516 1591 577 Caesari
1617 516 2089 595 Angrivariorum

75 606 354 665 defectio
385 622 418 664 a
443 612 614 679 tergo
645 602 958 661 nuntiatur:
1005 604 1210 664 missus
1240 601 1379 661 ilico
1410 603 1711 661 Stertinius
1741 622 1866 665 cum
1896 610 2091 685 equite

79 699 138 748 et
183 696 480 748 amatura
512 687 629 749 levi
659 689 794 763 igne
826 695 884 745 et
917 684 1190 745 caedibus
1225 686 1521 763 perfidiam
1548 685 1699 745 ultus
1730 698 1837 761 est.
2011 700 2029 711 ‘
2109 713 2157 753 15

218 773 285 833 9.
315 772 556 832 Flumen
584 770 851 845 Visurgis
891 770 1188 830 Romanos
1225 768 1675 848 Cheruscosque
1712 771 2089 833 interfluebat.

79 858 211 916 eius
244 859 308 915 in
337 858 464 933 ripa
495 872 620 913 cum
653 854 865 913 ceteris
896 852 1240 933 primoribus
1269 853 1557 913 Arminius
1589 853 1834 932 adstitit,
1869 859 2091 933 quaesi-

77 950 274 1018 toque
299 958 373 999 an
395 936 614 997 Caesar
635 939 925 1012 venisset,
954 946 1259 1015 postquam
1282 937 1489 996 adesse
1506 950 1852 1015 responsum
1877 948 1996 1015 est,
2034 948 2093 998 ut

77 1024 303 1083 liceret
332 1040 458 1081 cum
486 1022 664 1081 fratre
697 1021 970 1098 conloqui
1001 1022 1204 1082 oravit.
1264 1030 1390 1079 erat
1419 1022 1469 1078 is
1496 1022 1552 1079 in
1583 1024 1842 1082 exer-citu
1873 1040 2092 1099 cogno2

75 1116 286 1168 mento
309 1105 523 1166 Flavus
538 1150 554 1181 ,
583 1106 826 1181 insignis
861 1103 975 1163 fide
998 1113 1056 1163 et
1083 1106 1296 1164 amisso
1322 1122 1432 1182 per
1454 1105 1658 1164 vulnus
1682 1106 1855 1166 oculo
1892 1108 2093 1185 paucis
2117 1114 2155 1159 5‘

76 1201 219 1251 ante
251 1192 417 1250 annis
445 1189 592 1248 duce
617 1188 874 1248 Tiberio.
923 1198 1037 1247 tum
1056 1189 1338 1266 permissu
1362 1188 1429 1229 **
1454 1206 1919 1268 progressusque
1945 1191 2091 1249 salu-

73 1285 238 1335 tatur
273 1274 344 1333 ab
375 1274 665 1342 Arminio;
695 1274 793 1351 qui
821 1273 1024 1332 amotis
1055 1270 1462 1349 stipatoribus,
1494 1281 1557 1331 ut
1584 1274 1864 1351 sagittarii
1894 1282 2092 1334 nostra

77 1376 194 1437 pro
228 1360 364 1436 ripa
393 1357 657 1434 dispositi
691 1356 1076 1415 abscederent
1097 1355 1372 1433 postulat,
1406 1364 1465 1415 et
1487 1364 1789 1435 postquam
1818 1358 2088 1433 digressi,
2136 1402 2150 1413 x
2175 1370 2182 1383 ’

73 1442 242 1501 unde
273 1458 344 1499 ea
369 1440 700 1500 deformitas
727 1442 846 1499 oris
866 1442 1182 1517 interrogat
1207 1439 1459 1498 fratrem.
1498 1440 1599 1499 illo
1626 1440 1814 1501 locum
1840 1451 1898 1501 et
1916 1458 2089 1521 proe-

72 1526 226 1585 lium
263 1524 555 1583 referente
574 1570 592 1601 ,
625 1523 908 1601 quodnam
940 1524 1255 1603 praemium
1282 1526 1608 1601 recepisset
1630 1517 1901 1604 exquirit.
1958 1525 2158 1585 Fla-1⁰

74 1628 191 1668 vus
237 1618 407 1668 aucta
449 1608 764 1687 stipendia,
816 1617 1077 1686 torquem
1121 1610 1192 1667 et*
1222 1624 1499 1668 coronam
1540 1608 1769 1698 aliaque
1824 1600 2091 1669 militaria

75 1693 244 1753 dona
275 1700 586 1768 memorat,
617 1691 906 1753 inridente
926 1691 1348 1754 Arminiovilia
1381 1692 1610 1751 servitii·
1632 1695 1835 1771 pretia.

220 1778 320 1838 10.
364 1776 532 1835 Exim
562 1776 776 1836 diversi
801 1766 1125 1851 ordiuntu'r,
1157 1776 1253 1834 hic
1278 1775 1722 1851 magnitudinem
1749 1778 2085 1852 Romanam,

79 1878 240 1939 opes
277 1858 546 1920 Caesaris
577 1868 635 1919 et
661 1862 831 1919 victis
857 1878 1070 1937 graves
1093 1876 1351 1937 poenas,
1383 1860 1440 1915 in
1470 1858 1815 1917 deditionem
1836 1860 2090 1919 venienti

80 1952 349 2022 paratam
395 1944 786 2014 clementiani;
840 1950 1028 2022 neque
1081 1944 1390 2019 coniugem
1434 1948 1491 1999 et
1532 1940 1707 1999 filium
1748 1943 1873 2000 eius
1910 1943 2089 2002 hosti-

78 2029 220 2087 liter
262 2027 491 2088 haberi:
539 2028 638 2087 ille
679 2030 770 2088 fas
812 2031 1062 2107 patriae,
1105 2026 1429 2087 libertatem
1478 2027 1717 2102 avitam,
1775 2026 2089 2103 penetralis

80 2112 434 2172 Germaniae
465 2111 643 2188 deos,
687 2121 924 2171 matrem
961 2129 1198 2190 precum
1233 2112 1479 2177 sociam3
1530 2125 1603 2167 ne
1636 2109 2089 2188 propinquorum
2113 2131 2139 2183 ‚⁵

31 2197 38 2208 “
79 2205 141 2255 et
170 2194 478 2268 adfinium,
519 2193 765 2272 denique
812 2198 1002 2272 gentis
1045 2211 1183 2254 suae
1225 2193 1491 2251 desertor
1536 2201 1595 2251 et
1622 2194 1887 2272 proditor
1922 2211 2087 2272 quam

75 2283 410 2356 imperator
443 2294 574 2335 esse
602 2278 816 2337 mallet.
885 2278 1158 2357 paulatim
1185 2275 1321 2336 inde
1350 2276 1421 2336 ad
1450 2277 1634 2353 iurgia
1672 2278 1935 2357 prolapsi
1970 2295 2085 2358 quo

80 2363 274 2420 minus
315 2377 567 2438 pugnam
608 2371 983 2421 consererent
1021 2379 1095 2421 ne
1129 2361 1622 2439 flumine-quidem
1650 2360 1955 2423 interiecto
1989 2381 2084 2423 co-

81 2443 464 2520 hibebantur,
506 2444 562 2501 ni
593 2445 891 2505 Stertinius
932 2445 1245 2506 adcurrens
1289 2445 1518 2522 plenum
1556 2447 1679 2506 irae
1706 2463 1993 2524 *armaque
2030 2454 2088 2504 et

85 2546 301 2606 equum
337 2536 677 2605 poscentem
705 2527 938 2589 Flavum
967 2529 1317 2596 adtinuisset.
1386 2527 1731 2593 cernebatur
1760 2538 1959 2589 contra
1985 2531 2085 2587 mi·
2108 2541 2155 2580 ιο

87 2611 434 2672 uitabundus
478 2610 768 2671 Arminius
789 2613 1206 2694 -proeliumque
1237 2613 1607 2682 denuntians;
1647 2629 1775 2672 nam
1808 2612 2084 2690 pleraque

89 2694 287 2756 Latino
314 2713 580 2755 sermone
604 2697 1033 2775 interiaciebat,
1062 2708 1122 2758 ut
1145 2700 1240 2776 qui
1261 2697 1537 2758 Romanis
1563 2698 1622 2756 in
1648 2697 1855 2764 castris
1882 2696 2088 2756 ductor

91 2779 458 2860 popularium
489 2781 812 2840 meruisset.

226 2865 323 2924 1-1.
359 2857 603 2924 Poste'ro
645 2864 740 2923 die
770 2860 1176 2926 Germanorum
1204 2867 1550 2925 acies'trans
1579 2866 1876 2942 Visurgim
1908 2865 2083 2924 stetit.

97 2944 314 3008 Caesar
353 2949 462 3006 nisi
505 2947 776 3026 pontibus
821 2947 1238 3026 praesidiisque
1278 2950 1547 3027 inpositis
1588 2949 1725 3010 dare
1773 2950 1828 3008 in
1880 2948 2083 3008 discri-

95 3048 221 3090 men
270 3031 548 3108 legiones
586 3032 736 3093 haud
775 3032 1204 3112 imperatorium
1253 3042 1436 3109 ratus,
1484 3035 1733 3112 equitem
1780 3032 1928 3093 vado
1970 3041 2081 3090 tra-

98 3115 274 3175 mittit.
327 3117 634 3193 praefuere
664 3117 966 3177 Stertinius
1001 3123 1058 3175 et
1092 3134 1127 3175 e
1157 3133 1395 3176 numero
1425 3117 1858 3197 primipilarium
1891 3115 2083 3176 Aemi·
2156 3140 2166 3144 ·

98 3196 232 3276 lius,
290 3199 818 3261 distantibus'locis
857 3201 1096 3277 invecti,
1155 3209 1215 3259 ut
1256 3199 1483 3260 hostem
1526 3200 1880 3260 diducerent.
1975 3197 2131 3277 quas

102 3281 430 3343 celerrimus
477 3287 684 3357 amnis,
731 3283 1111 3346 Chariovalda
1156 3284 1270 3343 dux
1295 3283 1635 3344 Batavorum
1680 3286 1884 3362 erupit.
1954 3301 2083 3342 eum

104 3362 375 3427 Cherusci
403 3367 599 3446 fugam
630 3369 958 3429 simulantes
989 3371 1048 3428 in
1077 3362 1369 3447 planitiem
1399 3368 1636 3428 saltibus
1662 3367 2083 3428 circumiectam

101 3454 360 3512 traxere:
403 3451 535 3512 dein
581 3456 768 3514 coorti
809 3463 867 3514 et
898 3454 1144 3531 undique
1178 3453 1344 3513 effusi
1380 3453 1605 3514 trudunt
1638 3451 1950 3530 adversos,
1999 3453 2080 3511 in-
