2475 4000
410 221 537 284 244
726 193 767 305 f
902 213 1229 283 commun
1261 231 1496 278 uon-1
1525 231 1891 280 summm

416 393 535 462 e'st,
578 395 637 445 ut
679 387 843 463 quasi
882 385 1296 454 infensantibus
1333 366 1462 445 deis
1498 386 1675 447 exitio
1711 385 1854 446 tradi
1900 385 2263 447 crederetur.
2331 389 2410 450 ob

412 470 563 530 haec
595 469 983 529 consalutatus
1018 470 1330 549 imperator
1360 469 1552 546 Nero,
1599 478 1658 529 et
1700 478 1932 530 senatus
1969 465 2238 531 consulto
2271 491 2409 551 sup-

418 553 758 632 plicationes
792 552 1021 613 habitae
1041 599 1059 632 ,
1106 563 1443 632 statuaeque
1475 562 1532 612 et
1562 571 1732 613 arcus
1764 563 1822 614 et
1851 555 2105 614 continui
2137 557 2410 616 consula·

343 650 396 712 2⁰
416 645 505 694 tus
538 637 820 714 principi,
865 645 1037 716 utque
1078 639 1227 697 inter
1257 637 1452 698 festos
1473 637 1789 698 referretur
1823 637 1981 716 dies,
2027 637 2149 716 qu'o
2179 649 2412 719 patrata

418 720 687 796 victoria,
734 736 846 797 quo
888 722 1170 797 nuntiata,
1219 739 1332 800 quo
1362 721 1602 782 relatu'm
1633 720 1704 780 de
1747 740 1816 782 ea
1847 730 2041 798 esset,
2087 723 2319 802 aliaque
2354 726 2413 782 in

415 801 653 862 eandem
692 802 934 862 fo‘rmam
973 804 1387 883 decernuntur,
1442 805 1586 878 adeo
1627 807 1856 865 modum
1901 815 2182 884 egressa,
2227 817 2288 868 ut
2339 807 2410 867 C.

415 884 649 960 Cassius
692 885 763 945 de
808 886 1019 946 ceteris
1054 887 1381 961 'honoribus
1423 887 1738 966 adsensus,
1791 891 1838 950 si
1885 907 1992 969 pro
2042 890 2410 967 benignitate

414 969 677 1028 fortunae
708 968 795 1028 dis
824 979 1025 1046 grates
1046 980 1373 1050 agerentur,
1401 990 1474 1031 ne
1493 981 1681 1032 totum
1704 973 1932 1051 quidem
1958 991 2166 1034 annum
2185 976 2410 1054 suppli-

342 1065 397 1105 25
418 1050 732 1114 cationibus
762 1053 1033 1114 sufficere
1063 1054 1428 1133 disseruerit,
1461 1073 1650 1134 eoque
1679 1065 1958 1136 oportere
1988 1056 2166 1118 dividi
2199 1077 2412 1118 saeuos

416 1145 475 1194 et
502 1135 840 1210 negotiosos
867 1136 1031 1216 dieS,
1075 1140 1203 1218 quis
1243 1138 1432 1200 divina
1471 1140 1734 1200 colerent
1775 1150 1834 1200 et
1867 1140 2110 1201 humana
2151 1159 2269 1201 non
2303 1144 2408 1201 im-

418 1216 698 1298 pedirent.
1089 1230 1095 1234 '

555 1300 657 1360 42.
712 1301 903 1361 Variis
950 1303 1155 1364 deinde
1208 1306 1439 1366 casibus
1505 1309 1746 1369 iactatus
1802 1317 1860 1367 et
1920 1309 2216 1372 multorum
2266 1309 2412 1369 odia

418 1385 653 1442 meritus
703 1401 868 1458 reus,
916 1385 1067 1447 haud
1114 1397 1304 1448 tamen
1346 1392 1468 1450 sine
1519 1391 1731 1451 invidia
1773 1392 2038 1453 Senecae
2089 1392 2407 1452 damnatur.

380 1528 393 1543 ‚
420 1465 615 1534 isfuit
650 1464 715 1522 P.
748 1464 1011 1541 Suillius,
1053 1471 1411 1548 imperitante
1453 1472 1696 1535 Claudio
1738 1476 2014 1536 terribilis
2063 1495 2132 1536 ae
2179 1476 2407 1536 venalis

424 1556 483 1610 et
523 1547 833 1610 mutatione
882 1556 1201 1625 temporum
1253 1573 1368 1615 non
1409 1567 1676 1637 quantum
1725 1546 1948 1620 inimici'
1984 1569 2268 1640 cuperent
2309 1560 2408 1620 de-

353 1635 629 1708 -svmissus
674 1630 884 1708 quique
928 1649 992 1690 se
1034 1646 1328 1700 nocentem
1369 1641 1553 1701 videri
1606 1660 1775 1721 quam
1823 1644 2148 1724 supplicem
2189 1644 2408 1704 mallet.

422 1720 549 1803 ,eius
584 1713 950 1800 opprimendi
986 1718 1171 1790 gratia
1202 1725 1504 1798 repetitum
1535 1726 1878 1787 credebatur
1912 1737 2147 1788 senatus
2179 1728 2408 1787 consul·

424 1811 541 1860 tum
570 1816 875 1879 poenaque
905 1795 1142 1857 Cinciae
1172 1799 1320 1877 legis
1349 1805 1650 1870 adversum
1689 1827 1795 1870 eos
1836 1812 1934 1890 qui
1969 1813 2158 1891 pretio
2203 1830 2412 1872 causas

427 1885 768 1948 oravissent·
826 1900 938 1941 nec
967 1881 1199 1943 Suillius
1232 1896 1434 1961 questu
1461 1902 1552 1952 aut
1579 1892 2034 1974 exprobratione
2065 1891 2410 1971 abstinebat,

428 1976 661 2049 praeter
702 1966 977 2026 ferociam
1024 1967 1193 2034 animi
1250 1977 1500 2033 extrema
1551 1987 1787 2039 senecta
1828 1978 1976 2040 liber
2023 1988 2084 2040 et
2123 1981 2412 2041 Senecam

360 2070 410 2110 10
426 2055 739 2130 increpans
766 2052 1043 2110 infensum
1072 2052 1270 2111 amicis
1302 2050 1550 2135 Claudii,
1591 2059 1696 2119 sub
1733 2078 1847 2139 quo
1891 2053 2264 2125 iustissimum
2295 2066 2410 2124 exi-

386 2188 396 2197 .
427 2137 562 2195 lium
596 2133 947 2213 pertulisset.
1012 2135 1177 2194 simul
1208 2134 1405 2195 studiis
1433 2139 1704 2202 inertibus
1737 2155 1793 2202 et
1817 2148 2076 2207 iuvenum
2105 2149 2411 2227 inperitiae

430 2226 650 2277 suetum
695 2216 879 2286 livere
922 2219 1023 2294 iis,
1077 2220 1172 2297 qui
1213 2219 1460 2298 viyidam
1501 2232 1558 2282 et
1597 2229 1982 2305 incorruptam
2022 2232 2414 2311 eloquentiam

430 2300 653 2361 tuendis
690 2298 912 2359 civibus
940 2312 1305 2363 exercerent.
1376 2323 1441 2365 se
1470 2318 1840 2385 quaestorem
1869 2312 2222 2393 Germanici,
2255 2316 2414 2375 illum

431 2383 629 2444 doinus
661 2384 783 2443 eius
814 2382 1128 2445 adulterum
1150 2385 1350 2447 fuisse.
1409 2406 1478 2448 an
1504 2394 1736 2467 gravius
1753 2388 2170 2457 *aestimandum
2197 2408 2412 2476 sponte

366 2491 413 2533 15
432 2469 741 2545 litigatoris
773 2468 1083 2545 praemium
1107 2468 1384 2531 honestae
1414 2490 1634 2551 operae
1664 2476 1928 2557 adsequi,
1961 2499 2129 2559 quam
2159 2498 2411 2541 corrum-

432 2570 577 2632 pere
618 2550 881 2618 cubicula
923 2552 1239 2630 principum
1274 2555 1644 2619 feminarum?
1703 2580 1814 2640 qua
1860 2566 2173 2644 sapientia,
2207 2564 2413 2643 quibus

433 2635 914 2721 philosophorum
957 2637 1286 2713 praeceptis
1325 2640 1467 2701 intra
1511 2643 1937 2720 quadriennium
1976 2650 2178 2725 regiae
2221 2651 2414 2709 amici-

431 2721 544 2780 tiae
588 2728 680 2778 ter
716 2718 940 2777 miliens
980 2721 1304 2779 sestertium
1334 2725 1692 2805 paravisset?
1732 2730 1953 2791 Romae
1989 2741 2332 2804 testamenta
2360 2742 2420 2791 et

434 2801 611 2862 orbos
638 2802 797 2860 velut
822 2800 1091 2876 indagine
1125 2802 1250 2861 eius
1279 2808 1436 2883 capi,
1465 2806 1681 2888 Italiam
1711 2822 1768 2873 et
1796 2818 2126 2892 provincias
2153 2816 2416 2875 inmenso

363 2907 417 2947 20
436 2886 675 2946 faenore
706 2883 949 2943 hauriri:
1000 2892 1057 2941 at
1102 2883 1211 2941 sibi
1258 2886 1454 2949 labore
1497 2898 1806 2969 quaesitam
1840 2906 1908 2959 et·
1925 2900 2211 2961 modicam
2244 2918 2414 2980 pecu-

432 2970 583 3029 niam
606 2985 758 3028 esse.
812 2966 1047 3041 crimen,
1074 2963 1422 3048 periculum,
1441 2978 1620 3035 omnia
1641 2983 1828 3055 potius
1852 2983 2230 3045 toleraturum
2252 3002 2418 3065 qnam

432 3060 689 3112 veterem
719 3066 789 3109 ac
818 3047 1063 3110 dicendo
1095 3060 1315 3130 partam
1344 3054 1729 3132 dignationem⁴
1753 3065 1972 3127 subitae
1997 3068 2264 3129 felicitati
2290 3068 2414 3128 sub-

433 3136 701 3195 mitteret.
1819 3173 1827 3179 -

558 3218 659 3279 43.
710 3215 837 3275 Nec
885 3213 1125 3278 deerant
1174 3223 1269 3299 qui
1317 3221 1466 3283 haec
1515 3225 1697 3287 isdem
1748 3231 1936 3297 verbis
1987 3243 2083 3294 aut
2128 3234 2310 3301 versa
2365 3238 2416 3295 in

235 3310 246 3323 ’
322 3372 331 3387 ,
436 3300 691 3362 deterius
720 3299 983 3361 Senecae
1016 3300 1330 3365 deferrent.
1390 3311 1725 3390 repertique
1753 3325 2123 3377 accusatores
2153 3321 2416 3400 direptos

435 3384 669 3459 socios,
718 3400 843 3443 cum
872 3384 1101 3445 Suillius
1132 3389 1488 3465 provinciam
1513 3392 1712 3455 Asiam
1740 3408 2000 3476 regeret,
2047 3419 2118 3461 ac
2147 3404 2416 3482 publicae

438 3467 719 3543 pecuniae
760 3467 1083 3545 peculatum
1119 3470 1460 3551 detulerunt.
1525 3493 1660 3538 mox
1703 3482 1833 3557 quia
1869 3484 2298 3562 inquisitionem
2327 3506 2412 3547 an·
