2475 4000
647 213 810 260 »Lm
834 215 958 262 111.
991 215 1142 263 cnr.
1166 213 1406 269 35-40.
1624 233 1633 241 ¹
1923 205 2039 271 211
2098 189 2123 212 ²

39 367 310 447 ptivitate
343 365 606 428 Carataci
647 367 1008 448 disseruere,
1075 387 1265 450 neque
1304 373 1491 431 minus
1533 373 1591 432 id
1632 375 1846 435 clarum
1878 393 2045 454 quam

27 437 200 530 'quod
251 450 584 536 Sypbacem
631 451 694 511 P.
741 453 971 532 Scipio,
1019 453 1238 514 Persen
1273 454 1335 514 L.
1368 454 1609 532 Paulus,
1660 461 1791 517 etsi
1826 463 1918 537 qui
1949 459 2047 520 alii

37 539 278 616 ‘vinctos
320 551 500 611 reges
528 535 752 615 populo
777 537 1040 598 Romano
1069 537 1401 599 ostendere.
1470 549 1781 600 censentur
1808 541 2045 603 Ostorio

41 617 316 699 triumphi
347 619 616 696 insignia,
652 623 956 700 prosperis
986 621 1058 681 ad
1085 622 1142 682 id
1171 621 1349 682 rebus
1378 622 1536 700 eius,
1570 640 1706 684 mox
1746 624 2041 704 ambiguis,
2065 645 2090 684 5

45 706 166 762 sive
193 710 392 762 amoto
423 700 738 782 Carataco,
791 706 952 783 quasi
981 704 1330 766 debellatum
1370 707 1554 784 foret,
1602 709 1785 767 minus
1828 709 2042 769 intenta
2130 713 2147 730 ⁹

43 786 190 866 apud
224 803 342 846 nos
367 786 565 848 militia
587 787 714 864 fuit,
742 791 868 848 sive
892 789 1092 850 hostes
1111 791 1481 851 miseratiou'e
1508 793 1648 850 tanti
1668 794 1828 865 regis
1853 793 2043 852 acrius

47 871 112 932 ad
157 869 446 932 ultionem
477 885 775 932 exarsere.
839 874 1196 951 praefectum
1241 883 1561 934 castrorum
1588 883 1647 932 et
1688 873 2041 949 legionarias

45 955 318 1014 cohortes
353 956 716 1016 exstruendis
757 956 910 1035 apud
936 957 1156 1028 Siluras
1196 957 1502 1036 praesidiis
1535 940 1771 1015 relictas
1800 957 2039 1020 circum·

41 1039 296 1098 fundunt.
364 1057 436 1100 ac
475 1039 534 1098 ni
579 1041 696 1100 cito
737 1041 944 1102 nuntiis
965 1059 1062 1102 ·ex
1095 1040 1350 1102 castellis
1380 1040 1657 1116 proximis
1701 1039 2039 1110 subventum
2060 1059 2112 1100 ιο
2234 1089 2243 1093 -

41 1123 190 1182 foret
225 1124 528 1202 copiarum
559 1122 880 1200 obsidioni,
915 1123 1357 1185 obcubuissent:
1394 1122 1729 1199 praefectus
1762 1133 1953 1185 tamen
1982 1135 2041 1186 et

45 1214 173 1266 octo
205 1208 584 1267 centuriones
613 1221 682 1268 ac
712 1207 1170 1287 promptissimus
1201 1206 1443 1283 quisque
1489 1223 1522 1264 e
1550 1208 1855 1286 manipulis
1888 1211 2039 1270 ceci·

44 1289 196 1351 dere.
264 1307 382 1351 uec
419 1290 598 1351 multo
636 1301 774 1369 post
811 1291 1137 1371 pabulantis
1175 1297 1411 1348 nostros
1441 1291 1769 1368 missasque
1799 1290 1873 1351 ad
1906 1292 2037 1352 sub·
2160 1299 2169 1307 '

43 1374 240 1436 sidium
269 1385 490 1436 turmas
523 1375 852 1453 profligant.
1961 1375 1977 1401 ⁸

159 1459 262 1521 39.
301 1458 448 1519 Tum
479 1457 744 1520 Ostorius
775 1458 1052 1519 cohortes
1081 1455 1387 1534 expeditas
1418 1460 1725 1536 opposuit;
1756 1475 1869 1520 nec
1902 1460 2037 1522 ideo

43 1542 230 1619 fugam
262 1542 528 1620 sistebat,
558 1544 616 1602 ni
650 1543 915 1620 legiones
943 1539 1223 1619 proelium
1266 1541 1670 1618 excepissent:
1705 1559 1899 1603 earum
1942 1563 2039 1606 ro-

43 1624 182 1687 bore
219 1635 469 1706 aequata
501 1643 724 1706 pugna,
773 1625 905 1684 dein
943 1623 1111 1683 uobis
1154 1640 1265 1703 pro
1296 1623 1541 1684 meliore
1582 1623 1704 1686 fuit.
1774 1628 2035 1705 effugere

43 1709 238 1771 hostes
271 1713 432 1772 tenui
464 1710 698 1786 damno,
749 1709 879 1787 quia
905 1706 1216 1768 inclinabat
1248 1707 1391 1767 dies.
1454 1707 1660 1770 crebra
1695 1710 1829 1772 hinc
1860 1728 2033 1789 proe-

44 1791 144 1869 lia,
175 1805 236 1855 et
265 1797 502 1874 saepius
531 1796 586 1853 in
609 1791 836 1851 modum
865 1791 1154 1852 latrocinii
1185 1808 1293 1870 per
1324 1790 1503 1851 saltus
1532 1810 1641 1870 per
1671 1794 1943 1872 paludes,
1972 1805 2033 1856 ut
2055 1813 2082 1854 s

45 1881 248 1957 cuique
281 1895 412 1940 sors
444 1885 542 1936 aut
568 1877 768 1951 virtus,
801 1883 1020 1935 temere
1051 1877 1313 1953 provisu,
1347 1873 1423 1933 ob
1454 1877 1595 1934 iram
1628 1875 1704 1935 ob
1738 1879 2030 1956 praedam,

43 1959 194 2022 iussu
224 1958 614 2040 et-aliquando
645 1959 864 2036 ignaris
896 1957 1151 2036 ducibus,
1184 1976 1255 2019 ac
1285 1958 1599 2037 praecipua
1630 1958 1879 2020 Silurum
1900 1979 2031 2041 per-

43 2045 279 2106 vicacia.
333 2062 478 2122 quos
522 2041 880 2103 accendebat
923 2041 1158 2119 vulgata
1204 2042 1570 2120 imperatoris
1606 2042 1851 2103 Romani
1892 2062 2030 2122 vox,

41 2137 94 2187 ut
119 2125 408 2206 quondam
438 2125 742 2202 Sugambri
772 2127 956 2185 excisi
989 2134 1084 2186 aut
1111 2127 1170 2185 in
1201 2123 1421 2185 Gallias
1447 2126 1675 2185 traiecti
1706 2125 1918 2205 forent,
1952 2130 2031 2189 ita

41 2211 284 2271 Silurum
311 2224 519 2267 nomen
560 2210 786 2286 penitus
827 2208 1295 2286 extinguendum.
1342 2209 1517 2286 igitur
1551 2208 1691 2271 duas
1724 2212 2030 2274 auxiliares
2048 2232 2099 2274 10

41 2294 318 2353 cobortes
365 2293 604 2352 avaritia
647 2292 1074 2371 praefectorum
1119 2293 1402 2355 incautius
1459 2295 1807 2373 populantes
1856 2298 2028 2359 inter-

42 2393 282 2454 cepere;
322 2373 632 2454 spoliaque
671 2385 730 2435 et
775 2378 1044 2456 captivos
1073 2376 1379 2456 largiendo
1410 2386 1639 2439 ceteras
1674 2397 1904 2458 quoque
1932 2399 2029 2443 na·

39 2460 220 2519 tiones
247 2458 324 2519 ad
359 2458 746 2524 defectionem
776 2460 1110 2537 trahebant,
1149 2480 1277 2522 cum
1308 2460 1501 2523 taedio
1536 2480 1797 2524 curarum
1838 2464 2031 2528 fessus
2129 2464 2138 2475 “

41 2540 300 2604 Ostorius
331 2544 626 2604 concessit
657 2545 792 2621 vita,
826 2544 993 2606 laetis
1023 2544 1305 2622 hostibus,
1332 2554 1617 2625 tamquam
1649 2546 1853 2607 ducem
1881 2547 2031 2608 haud

42 2627 421 2703 spernendum
450 2629 558 2688 etsi
585 2645 704 2688 non
733 2629 1037 2709 proelium,
1069 2640 1126 2690 at
1155 2639 1317 2691 certe
1348 2629 1561 2690 bellum
1590 2630 2026 2710 absumpsisset.
2049 2652 2099 2694 15

149 2713 254 2774 40.
295 2711 374 2772 At
416 2709 633 2773 Caesar
677 2714 912 2789 cognita
953 2723 1140 2775 morte
1177 2715 1389 2793 legati,
1444 2732 1519 2775 ne
1563 2715 1862 2794 provincia
1904 2716 2031 2775 sine

43 2804 265 2857 rectore
304 2797 490 2875 foret,
537 2796 612 2855 A.
640 2796 870 2857 Didium
899 2799 1145 2860 suffecit.
1199 2799 1251 2857 is
1284 2814 1539 2877 propere
1572 2808 1773 2859 vectus
1802 2817 1917 2860 non
1948 2808 2031 2861 ta·

43 2892 164 2937 men
193 2882 454 2958 integras
482 2898 580 2941 res
595 2882 846 2960 invenit,
875 2882 1120 2943 adversa
1152 2883 1377 2943 interim
1406 2882 1657 2960 legionis
1686 2900 1903 2962 pugna,
1938 2884 2038 2943 cui

43 2958 274 3025 Manlius
306 2964 526 3026 Valens
557 2975 860 3044 praeerat,
907 2976 1073 3028 aucta
1109 2984 1295 3045 aeque
1342 2966 1492 3045 apud
1525 2966 1728 3027 hostes
1776 2969 1900 3028 eius
1942 2968 2029 3027 rei

46 3041 202 3124 fama,
249 3065 366 3128 quo
399 3048 724 3110 venientem
753 3049 958 3110 ducem
977 3058 1387 3128 exterrerent,
1438 3058 1613 3129 atque
1646 3050 1749 3111 illo
1780 3058 2075 3128 augentes
2112 3120 2125 3131 Ι
2238 3036 2247 3051 ’

47 3128 224 3192 audita
240 3176 258 3209 ,
302 3142 363 3193 ut
407 3134 588 3195 maior
632 3135 758 3196 laus
789 3136 1130 3215 compositis
1172 3135 1297 3211 vel,
1342 3135 1390 3193 si
1433 3134 1821 3213 duravissent,
1860 3136 2040 3195 venia·

47 3210 238 3276 iustior
265 3217 630 3279 tribueretur.
694 3218 914 3280 Silures
947 3218 1006 3279 id
1040 3235 1277 3298 quoque
1308 3216 1567 3277 damnum
1595 3218 1921 3297 intulerant,
1951 3220 2029 3279 la·

47 3300 210 3374 teque
258 3302 682 3381 persultabant,
735 3302 926 3364 donec
977 3303 1224 3365 adcursu
1266 3300 1421 3361 Didii
1470 3301 1847 3381 pellerentur.
1926 3301 2031 3364 sed

49 3389 174 3453 post
201 3394 426 3465 captum
455 3384 795 3449 Caratacum
831 3390 1180 3468 praecipuus
1213 3387 1458 3447 scientia
1495 3387 1581 3445 rei
1626 3386 1885 3446 militaris
1914 3388 2029 3448 Ve-

48 3465 254 3549 nutius,
305 3488 338 3530 e
365 3468 695 3549 Brigantum
739 3473 1005 3551 civitate,
1049 3481 1111 3533 ut
1153 3488 1330 3551 supra
1370 3473 1741 3617 memoravh
1764 3472 2101 3593 *sidusqueto
