2475 4000
794 234 1001 313 mnus
1027 236 1076 281 1.
1106 236 1257 283 cu».
1282 236 1516 289 63—67.
2058 224 2139 287 33

146 398 354 449 tamen
401 385 710 445 obsecutus
749 395 806 445 et
849 380 1071 445 manum
1111 388 1453 447 intendentis
1490 394 1832 469 reppulisse.
1924 400 2137 471 coepta

151 472 299 532 luce
325 470 530 529 missae
562 470 620 528 in
643 469 828 533 latera
865 470 1166 546 legiones,
1203 479 1357 529 metu
1400 489 1468 530 an
1514 478 1892 553 contumacia,
1942 477 2135 537 locum

153 556 506 629 deseruere,
549 562 722 631 capto
767 569 1022 631 propere
1067 570 1274 631 campo
1316 556 1559 613 umentia
1598 556 1760 616 ultra.
1822 576 2011 637 neque
2050 566 2203 620 tsi-1⁰

153 656 296 697 men
322 637 606 697 Arminius
639 647 976 715 quamquam
1007 636 1192 697 libero
1221 640 1465 697 incursu
1487 640 1674 697 statim
1702 645 1985 719 prorupit:
2028 643 2135 703 sed

154 732 226 781 ut
258 720 496 780 haesere
529 737 708 779 caeno
739 720 1035 799 fossisque
1064 720 1500 801 impedimenta,
1534 720 1742 781 turbati
1782 725 1989 783 circum
2032 728 2133 785 mi-

153 806 320 879 lites,
369 806 624 882 incertus
662 806 954 880 signorum
993 804 1170 879 ordo,
1230 814 1405 885 utque
1460 804 1562 864 tali
1614 806 1672 863 in
1724 814 1983 883 tempore
2030 808 2135 868 sibi

147 890 398 967 quisque
429 904 715 966 properus
747 897 806 945 et
846 888 1034 948 lentae
1076 888 1378 948 adversum
1418 888 1659 967 imperia
1694 906 1891 964 aures,
1938 892 2134 949 inrum-

144 980 299 1051 pere
331 970 646 1031 Germanos
673 970 850 1047 iubet,
882 972 1177 1031 clamitans
1205 976 1314 1031 ‘en
1347 973 1535 1032 Varus
1580 972 1899 1049 eodemque
1938 973 2205 1032 iterumn,

140 1058 274 1115 fato
303 1056 531 1114 vinctae
561 1054 856 1131 legiones!
873 1058 894 1087 ⁹
928 1055 1091 1115 simul
1121 1055 1270 1115 haec
1300 1063 1359 1113 et
1390 1074 1515 1113 cum
1544 1055 1787 1116 delectis
1810 1055 2019 1114 scindit
2038 1074 2137 1133 ag-

137 1156 284 1198 men
316 1140 596 1216 equisque
627 1140 870 1198 maxime
913 1139 1152 1197 vulnera
1191 1140 1421 1214 ingerit.
1488 1139 1572 1197 illi
1614 1141 1891 1215 sanguine
1933 1156 2039 1199 suo
2082 1148 2141 1197 et

138 1222 393 1285 lubrico,
419 1220 688 1300 paludum
733 1222 1025 1301 lapsantes
1069 1224 1333 1284 excussis
1377 1221 1700 1281 rectoribus
1740 1222 1989 1283 disicere
2037 1222 2137 1283 ob-

136 1309 300 1383 vioS,
335 1306 640 1383 proterere
664 1306 942 1364 iacentes.
1003 1304 1279 1383 plurimus
1308 1304 1461 1363 circa
1492 1307 1710 1383 aquilas
1741 1302 1936 1383 labor‘,
1988 1322 2136 1385 quae

135 1408 342 1467 neque
371 1390 512 1449 ferri
545 1388 846 1447 adversum
873 1390 1192 1465 ingruentia
1219 1389 1336 1448 tela
1367 1405 1555 1466 neque
1582 1390 1679 1466 figi
1718 1390 1917 1450 limosa
1964 1390 2204 1455 humeae

139 1481 441 1551 poterant.
509 1470 760 1531 Caecina
799 1471 928 1530 dum
968 1480 1243 1531 sustentat
1292 1472 1503 1548 aciem,
1548 1474 1794 1534 suffosso
1844 1492 1993 1552 equo
2034 1472 2131 1533 de-

138 1557 354 1636 lapsus
403 1554 986 1631 circumveniebatur,
1039 1556 1095 1612 ni
1136 1558 1316 1633 prima
1357 1556 1535 1632 legio·
1567 1574 1699 1617 sese
1743 1560 2130 1638 opposuisset.

136 1642 292 1700 invit
340 1639 584 1700 hostium
640 1638 909 1714 aviditas,
960 1638 1170 1698 omissa
1212 1638 1392 1698 caede
1432 1642 1713 1738 'praedam
1764 1644 2129 1709 sectantium;

135 1726 462 1802 enisaeque
511 1723 776 1800 legiones
815 1732 1267 1801 vesperascente
1311 1723 1404 1783 die
1450 1725 1507 1783 in
1559 1735 1757 1804 aperta
1814 1733 1873 1783 et
1928 1724 2129 1785 solida.

134 1826 336 1887 neque
365 1811 414 1867 is
438 1808 788 1893 miseriarum
809 1807 957 1865 finis.
997 1806 1338 1868 struendum
1360 1808 1589 1883 vallum,
1622 1808 1905 1887 petendus
1925 1826 2127 1886 agger,
2146 1826 2199 1866 25

133 1894 352 1953 amissa
385 1910 592 1969 magna
623 1906 700 1950 ex
728 1899 892 1968 par-tc
924 1908 1032 1969 per
1061 1908 1210 1968 quae
1252 1892 1507 1965 egeritur
1544 1891 1743 1949 humus
1784 1902 1877 1951 aut
1917 1892 2131 1951 excidi·
2170 1916 2197 1949 ο

132 1985 231 2036 tur
265 1994 542 2057 caespes,
573 1990 688 2034 non
719 1976 964 2034 tentoria
998 1973 1326 2052 manipuliS,
1353 1990 1469 2032 non
1498 1974 1751 2033 fomenta
1780 1976 2020 2043 sauciis;
2050 1976 2131 2032 in·

130 2063 330 2120 fectos
364 2075 550 2120 caeno
580 2067 676 2117 aut
707 2075 916 2116 cruore
946 2056 1113 2117 cibos
1146 2055 1469 2116 dividentes
1482 2057 1754 2116 funestas
1776 2055 2045 2116 tenebras
2075 2064 2133 2115 et

131 2153 228 2202 tot
262 2144 551 2202 hominum
580 2139 806 2200 milibus
832 2159 1002 2200 unum
1029 2144 1140 2200 iam
1169 2140 1450 2216 reliquum
1482 2140 1630 2202 diem
1658 2140 2127 2222 lamentabantur.

271 2223 372 2286 66.
417 2223 592 2282 Forte
625 2241 808 2301 equus
849 2223 1106 2300 abruptis
1131 2224 1375 2294 vinculis
1402 2241 1587 2303 vagus
1617 2235 1674 2286 et
1718 2222 1972 2286 clamo're
2014 2234 2127 2285 ter·
2194 2283 2205 2298 ,

130 2311 286 2371 ritus
317 2305 592 2387 quosdam
631 2307 1050 2366 occurrentium
1094 2305 1437 2368 obturbavit.
1510 2319 1663 2371 tanta
1698 2310 1831 2369 inde
1873 2319 2127 2370 conster-

129 2397 300 2455 natio
333 2388 622 2468 inrupisse
664 2387 978 2450 Germanos
1025 2389 1406 2469 credentium,
1452 2403 1512 2452 ut
1554 2395 1742 2452 cuncti
1782 2404 2016 2453 ruerent
2056 2391 2131 2451 ad

131 2486 361 2558 portaS,
399 2491 636 2553 quarum
666 2471 976 2535 decumana
1008 2476 1251 2534 maxime
1282 2476 1620 2554 petebatur,
1655 2493 1859 2536 aversa
1889 2477 2040 2536 hosti
2068 2483 2131 2532 et

39 2567 46 2576 ⁴
129 2559 493 2640 fugientibus
527 2559 721 2618 tutior.
807 2557 1058 2619 Caecina
1105 2568 1407 2637 comperto
1451 2577 1657 2620 vanam
1704 2577 1836 2618 esse
1878 2558 2124 2619 formidi—
2144 2583 2172 2622 5

130 2663 294 2720 nem,
324 2662 451 2705 cum
479 2651 667 2702 tamen
697 2653 886 2720 neque
915 2645 1259 2704 auctoritate
1294 2659 1486 2741 neque
1517 2641 1823 2721 precibuS,
1856 2659 1929 2701 ne
1962 2659 2128 2702 manu
2215 2674 2225 2680 -

130 2728 368 2808 quidem
406 2717 694 2787 obsistere
728 2736 822 2786 aut
853 2729 1102 2787 retinere
1133 2727 1365 2786 militem
1390 2728 1607 2805 quiret,
1641 2728 1935 2806 proiectus
1966 2729 2023 2787 in
2062 2725 2125 2786 li-

133 2815 292 2872 mine
327 2821 530 2890 portae
565 2811 930 2871 miseratione
966 2811 1209 2886 demum,
1239 2813 1371 2889 quia
1404 2829 1512 2890 per
1542 2829 1756 2890 corpus
1785 2811 1969 2890 legati
1992 2827 2125 2870 eun-

141 2897 271 2957 dum
312 2905 465 2973 erat,
505 2895 712 2982 clausit
739 2896 916 2954 via-m:
966 2895 1130 2955 simul
1165 2894 1381 2954 tribuni
1418 2904 1477 2955 et
1522 2897 1889 2956 centuriones
1920 2893 2126 2954 falsum

140 2997 420 3058 pavorem
453 2995 586 3038 csse
615 2978 992 3038 docuerunt.
2141 2991 2193 3032 ιο

265 3064 366 3124 67.
410 3063 570 3123 Tunc
615 3070 950 3122 contractos
992 3062 1051 3122 in
1103 3064 1385 3141 principia
1436 3065 1742 3142 iussosque
1794 3063 1947 3123 dieta
2000 3077 2123 3120 cum

140 3148 370 3207 silentio
411 3149 684 3225 accipere
724 3146 1002 3224 temporis
1043 3165 1112 3206 ac
1160 3149 1527 3208 necessitatis
1572 3156 1786 3207 monet.
1865 3163 2031 3205 unam
2068 3146 2126 3203 in

142 3232 314 3290 armis
361 3232 637 3306 salutem,
680 3229 788 3290 sed
827 3247 897 3290 ea
938 3231 1184 3292 consilio
1244 3231 1619 3309 temperanda
1662 3227 2125 3308 manendumque

141 3314 288 3374 intra
314 3314 558 3392 vallum,
603 3313 792 3374 donec
837 3315 1204 3393 expugnandi
1243 3315 1441 3374 hostes
1484 3331 1588 3393 spe
1635 3316 1875 3392 propius
1921 3326 2121 3373 success
2190 3319 2195 3324 “
2264 3365 2279 3377 ι

143 3395 375 3468 derent;
419 3415 554 3459 mox
601 3397 852 3476 undique
891 3399 1349 3478 erumpendumq
1373 3397 1471 3456 illa
1510 3399 1813 3476 eruptione
1857 3398 1927 3458 ad
1969 3396 2117 3456 Rhe·
2143 3419 2169 3458 ⁵

144 3495 268 3540 num
311 3483 618 3558 perveniri.
700 3481 854 3560 quod
891 3483 939 3542 si
981 3482 1287 3560 fugerent,
1336 3482 1517 3562 pluris
1556 3482 1763 3559 silvaS,
1812 3479 2122 3559 profundas

225 3583 396 3622 uem
437 3583 577 3622 mus
610 3585 648 3622 1.
1429 3568 1436 3573 ’
1784 3565 1821 3626 3
