2475 4000
29 1479 31 1484 .
29 455 39 1464 ..-,————-—-.—.——-
29 389 32 416 v<

780 219 990 266 Lmen
1019 218 1064 266 1.
1100 217 1514 272 CAP.·17—-23.
2073 209 2147 270 13

150 363 323 433 ximis
352 372 491 432 vicis
520 369 1125 451 ipsoque²Nauporto,
1162 373 1316 451 quod
1343 375 1632 452 municipii
1659 375 1836 455 instar
1867 384 2022 448 erat,
2055 395 2146 436 re-

150 456 387 516 tinentis
418 457 791 515 centuriones
820 456 993 515 in'risu
1026 460 1087 516 et
1118 451 1512 532 contumeliis,
1553 468 1850 534 postremo
1885 459 2142 519 verberi·
2171 476 2196 515 5

147 541 259 600 bus
290 541 682 614 insectantur,
724 541 1039 618 praecipua
1078 543 1135 600 iu
1164 540 1525 600 Aufidienum
1555 541 1759 600 Rufum
1789 542 2148 619 praefectum

150 616 479 683 castrorum
529 623 645 699 ira,
706 640 874 699 quem
924 624 1225 702 dereptum
1279 624 1551 684 vehiculo
1611 627 1850 684 sarcinis
1909 637 2150 703 gravant

150 716 450 785 aguntque
479 707 663 784 primo
707 701 765 766 in
798 709 1053 783 agmine,
1098 725 1205 785 per
1234 707 1534 769 ludibrium
1568 709 1894 785 rogitantes
1929 727 2000 768 an
2038 721 2150 770 tam

146 793 430 850 immensa
460 807 659 864 onera,
687 800 799 850 tam
822 790 996 868 longa
1027 792 1229 850 itinera
1259 790 1507 852 libenter
1531 791 1732 851 ferret.
1789 793 2004 870 quippe
2028 791 2148 852 Ru-

146 875 238 934 fus
268 875 371 934 diu
403 874 807 952 manipulariS,
845 873 977 936 dein
1009 877 1303 950 centurio,
1353 893 1488 936 mox
1539 876 1744 935 castris
1791 877 2146 954 praefectae,
2171 895 2219 936 10

148 960 444 1036 antiquam
474 958 788 1036 duramque
818 959 1067 1018 militi-am
1096 959 1448 1035 revocabat,
1479 961 1726 1018 intentus
1751 962 1946 1036 operis
1971 978 2040 1020 ac
2067 961 2148 1020 la-

146 1041 315 1101 boris
349 1050 411 1100 et
442 1058 515 1100 eo
548 1042 830 1117 inmitior,
862 1043 995 1119 quia
1024 1042 1398 1103 toleraverat.
1883 1063 1894 1078 ν

272 1125 377 1184 21.
428 1123 641 1184 Horum
674 1125 921 1184 adventu
945 1126 1371 1202 redintegratur
1393 1126 1633 1202 seditio,
1671 1136 1730 1187 et
1753 1129 1886 1204 vag-i
1911 1128 2148 1194 circum·

150 1212 305 1268 iecta
338 1208 784 1286 populabantur.
829 1208 1071 1268 Blaesus
1110 1225 1352 1287 paucos,
1383 1210 1634 1292 maxime
1648 1211 1866 1289 praeda
1889 1219 2148 1286 onustos,

150 1293 219 1353 ad
248 1302 544 1352 terrorem
578 1302 902 1352 ceterorum
930 1293 1101 1352 adfici
1129 1291 1508 1368 verberibus,
1555 1293 1742 1354 claudi
1783 1312 2023 1354 carcere
2066 1296 2148 1353 iu·

154 1377 283 1444 bet;
316 1367 450 1434 na'm
480 1377 651 1434 etiam
680 1385 795 1434 tum
826 1376 1021 1453 legato
1054 1395 1086 1436 a
1116 1375 1544 1436 centurionibus
1577 1386 1636 1436 et
1669 1380 1885 1456 optimo
1919 1395 2151 1456 quoque

156 1460 589 1538 manipularium
623 1460 951 1537 parebatur.
1006 1460 1089 1519 illi
1118 1459 1302 1518 obniti
1330 1459 1710 1537 trahentibus,
1735 1480 2015 1541 prensare
2041 1465 2147 1522 cir·
2175 1485 2200 1524 5

158 1543 551 1602 cumstantium
590 1561 808 1619 genua,
854 1545 1014 1603 ciere
1057 1543 1229 1604 modo
1271 1545 1495 1604 nomina
1542 1547 1934 1621 singulorum,
1979 1547 2152 1605 modo

160 1629 471 1686 centuriam
502 1627 746 1704 quisque
780 1627 939 1686 cuius
968 1627 1338 1706 manipularis
1377 1637 1532 1703 erat,
1587 1628 1920 1703 cohortem,
1966 1629 2153 1706 legio·

158 1729 319 1786 nem,
354 1710 561 1770 eadem
595 1710 853 1770 omnibus
884 1711 1159 1774 inminere
1192 1710 1567 1771 clamitantes.
1635 1713 1803 1772 simul
1846 1711 2061 1791 probra
2097 1715 2156 1773 in

160 1795 409 1870 legatum
444 1794 749 1868 cumulant,
782 1795 1006 1857 caelum
1036 1810 1105 1861 ac
1137 1795 1282 1855 deos
1327 1795 1716 1872 obtestantur,
1762 1796 1900 1855 nihil
1945 1796 2154 1876 reliqui

162 1878 367 1938 faciunt
400 1895 517 1956 quo
547 1879 728 1938 miuus
756 1878 1021 1956 invidiam
1050 1878 1504 1938 misericordiam
1535 1887 1744 1937 metum
1783 1888 1844 1938 et
1872 1881 1988 1938 iras
2011 1898 2149 1957 per·
2173 1902 2222 1942 10

164 1971 475 2023 moverent.
536 1961 857 2022 adcurritur
884 1962 955 2022 ab
998 1955 1314 2039 universis,
1359 1970 1418 2021 et
1463 1977 1704 2020 carcere
1747 1963 1990 2023 effracto
2037 1964 2151 2023 sol·

166 2056 291 2106 vuut
329 2046 563 2106 vincula
604 2047 1059 2125 desertoresque
1099 2065 1170 2106 ac
1225 2050 1418 2105 rer'um
1472 2044 1799 2122 capitalium
1857 2046 2152 2107 damnatos

166 2130 266 2189 sibi
296 2131 409 2189 iam
438 2131 705 2189 miscent.
1264 2148 1275 2157 ³
1458 2184 1462 2188 Α
1524 2153 1529 2158 ·

278 2212 381 2273 22.
431 2212 795 2289 Flagrantior
825 2214 960 2273 inde
989 2214 1101 2288 viS,
1132 2212 1334 2291 plures
1375 2213 1646 2273 seditioni
1689 2214 1888 2275 duces.
1952 2223 2011 2274 et
2055 2214 2152 2285 Vi·

171 2295 403 2356 bulenus
434 2297 661 2375 quidam
689 2298 993 2374 gregarius
1028 2297 1216 2371 miles,
1255 2305 1386 2355 ante
1420 2296 1666 2356 tribunal
1694 2298 1890 2359 Blaesi
1920 2299 2152 2359 adleva-

169 2388 247 2440 tus
276 2382 759 2441 circumstantium
791 2382 1024 2456 umeris,
1057 2380 1207 2457 apud
1239 2380 1502 2441 turbatos
1533 2390 1593 2440 et
1625 2382 1756 2458 quid
1802 2392 2035 2459 pararet
2073 2384 2153 2441 iu-

166 2473 349 2525 tentos
378 2467 523 2524 ‘vos
554 2465 817 2543 quidem'
864 2466 1044 2542 inquit
1092 2464 1217 2523 ‘his
1275 2464 1676 2524 innocentibus
1725 2474 1782 2523 et
1822 2466 2154 2525 miserrimis

166 2548 345 2609 lucem
376 2557 437 2609 et
466 2549 725 2626 spiritum
754 2548 1114 2608 reddidistis:
1148 2548 1255 2607 sed
1286 2550 1414 2626 quis
1448 2549 1608 2607 fratri
1638 2565 1768 2606 meo
1793 2549 1986 2631 vitam,
2027 2551 2152 2627 quis
2177 2575 2202 2614 5
2279 2596 2286 2601 ,

164 2631 397 2692 fratrem
430 2629 819 2692 mihivreddit?
856 2650 1026 2709 quem
1053 2628 1286 2691 missum
1317 2632 1388 2691 ad
1418 2649 1526 2691 vos
1557 2649 1587 2691 a
1619 2629 1960 2691 Germanico
1988 2650 2154 2691 exer-

166 2718 271 2776 citu
300 2717 375 2776 de
413 2715 807 2775 communibus
854 2716 1165 2776 commodis
1207 2725 1378 2776 nocte
1426 2716 1690 2793 proxima
1731 2715 2010 2793 iugulavit
2049 2734 2157 2793 per

164 2800 513 2876 gladiatores
538 2799 697 2875 suos,
729 2816 875 2877 quos
904 2800 961 2862 in
992 2802 1221 2859 exitium
1251 2799 1488 2859 militum
1517 2798 1694 2859 habet
1739 2810 1908 2877 atque
1955 2810 2152 2859 armat.

164 2884 486 2962 responde,
526 2882 770 2959 Blaese,
814 2883 913 2943 ubi
944 2882 1191 2945 cadaver
1220 2882 1541 2943 abieceris:
1587 2902 1660 2942 ne
1695 2884 1895 2943 hostes
1929 2883 2154 2961 quidem

166 2968 458 3045 sepultura
488 2966 758 3027 invident.
828 2984 955 3026 cum
978 2967 1214 3040 osculis,
1250 2982 1377 3025 cum
1401 2966 1654 3025 lacrimis
1677 2967 1941 3028 dolorem
1967 2985 2152 3027 meum
2175 2988 2224 3028 10
2261 2997 2267 3007 ⁵

166 3050 513 3129 impleyero,
538 3070 631 3111 me
663 3068 895 3129 quoque
926 3048 1197 3110 trucidari
1231 3050 1386 3125 iube,
1411 3050 1540 3109 dum
1568 3051 1912 3111 interfectus
1943 3051 2157 3116 nullum

168 3134 239 3193 ob
269 3136 488 3212 scelus,
516 3135 623 3195 sed
654 3134 1033 3213 quiautilitati
1063 3133 1356 3209 legionum
1388 3134 1874 3216 corisuleburnus,⁸
1893 3135 1950 3194 hi
1987 3153 2155 3213 sepe:

168 3218 353 3278 liant.'
684 3229 690 3239 “
1420 3268 1426 3283 ,

279 3302 377 3365 23.
420 3300 778 3363 Incendebat
820 3301 968 3361 haec
1013 3300 1150 3362 fletu
1200 3310 1260 3361 et
1305 3306 1509 3381 pectus
1553 3312 1728 3380 atque
1777 3320 1844 3365 os
1898 3292 2156 3365 inanibus

166 3386 493 3447 verberans.
559 3402 697 3444 mox
732 3384 990 3449 disiectis
1033 3388 1274 3463 quorum
1313 3404 1420 3466 per
1467 3404 1700 3447 umeros
1749 3388 2170 3466 sustinebatur„

168 3486 446 3550 praeceps
476 3478 539 3531 et
568 3468 923 3547 singulorum
952 3467 1193 3548 pedibus
1223 3454 1528 3533 advolutus
1564 3481 1774 3532 tantum
1822 3482 2157 3534 consterna·
