2475 4000
583 207 793 253 mann
816 207 909 252 v1.
944 206 1094 252 GAP.
1120 204 1344 256 afr—40
1373 191 1675 276 (ΒΟ-34).
2010 195 2133 258 169

160 371 360 421 ternum
392 360 465 420 ad
498 358 809 436 fastigium,
842 357 1125 419 destinata
1154 361 1441 438 retinens,
1489 361 1750 422 consilii-s
1793 370 1852 420 et
1883 370 2011 420 astu
2035 381 2135 422 res

158 455 411 504 externas
438 443 661 518 moliri,
702 457 859 502 arma
898 444 1117 522 procul
1150 443 1389 504 habere.
1451 445 1675 506 interea
1714 446 1963 527 cognitis
2001 447 2132 506 insi·

156 530 251 589 diis
278 527 606 588 Artabanus
645 525 857 585 tardari
898 536 1086 602 metu,
1129 528 1302 588 mod-o
1339 528 1610 605 cupidine
1650 528 1938 589 vindictae
1985 531 2132 590 inar-

153 613 407 675 descere.
470 620 528 670 et
556 610 821 669 barbaris
846 612 1132 670 cunctatio
1157 613 1406 686 servilis,
1439 613 1626 672 statim
1653 613 1896 690 exsequi
1914 615 2134 690 regium
2157 629 2185 667 5

150 695 389 756 videtur:
450 695 631 754 valuit
682 703 875 752 tamen
921 695 1168 770 utilitas,
1223 705 1284 755 ut
1325 695 1552 755 Abdum
1600 697 1802 774 speeie
1851 697 2136 756 amicitiae

148 788 407 840 vocatum
436 778 509 838 ad
548 778 753 856 epulas
784 778 940 838 lento
968 795 1199 838 veneno
1226 779 1515 856 inligaret,
1555 781 1844 840 Sinnacen
1875 776 2135 840 dissimu-

150 863 353 924 lati-one
384 880 457 922 ac
488 862 689 936 donis,
720 862 887 922 simul
915 880 1023 940 per
1066 865 1302 939 negotia
1339 873 1680 923 moraretur.
1764 871 1822 922 et
1859 862 2152 924 Phraates‘

148 947 295 1026 apud·
317 946 545 1006 Suriam
574 945 702 1005 dum
732 944 949 1005 omisso
984 946 1141 1006 cultu
1170 946 1447 1023 Romano,
1479 949 1568 1006 cui
1601 965 1708 1026 per
1735 953 1822 1007 tot
1847 964 2026 1006 annos
2053 949 2134 1008 in-

148 1038 443 1104 sueverat,
496 1031 747 1088 instituta
790 1029 1126 1089 Parthorum
1172 1032 1370 1106 sumit,
1418 1032 1621 1108 patriis·
1659 1030 1914 1090 moribus
1951 1031 2134 1108 impar
2156 1051 2211 1092 ιο

145 1114 337 1174 morbo
370 1113 704 1190 absumptus
736 1121 845 1172 est.
892 1109 1011 1174 'sed
1044 1129 1156 1172 non
1185 1113 1451 1174 Tiberius
1483 1115 1670 1174 omisit
1697 1116 1956 1192 incepta:
1991 1113 2132 1174 Tiri-

146 1198 321 1258 datem
354 1197 655 1274 sanguinis
693 1197 952 1256 eiusdem
999 1198 1280 1257 aemulum
1319 1197 1650 1274 Artabano,
1686 1199 2132 1276 reciperandae-—

146 1300 247 1360 que
280 1280 597 1340 Armeniae
622 1279 896 1340 Hiberum
923 1280 1292 1358 Mithridaten
1337 1281 1542 1359 deligit
1589 1283 1975 1360 conciliatque
2020 1282 2132 1342 fra-

142 1368 205 1425 tri
248 1365 653 1439 Pharasmani,
676 1365 789 1443 ‘qui
832 1364 1051 1441 gentile
1091 1367 1392 1443 imperium
1435 1365 1766 1434 obtinebat;
1811 1376 1870 1426 et
1913 1367 2133 1428 cunctis

146 1467 283 1527 quae
324 1449 482 1526 apud
522 1449 801 1508 orientem
839 1447 1208 1548 parabantur
1232 1448 1294 1508 L.
1346 1449 1642 1510 Vitellium
1681 1449 1984 1527 praefecit.
2057 1467 2205 1512 eo15

145 1533 207 1592 de
240 1533 476 1593 homine
508 1531 657 1592 haud
680 1549 805 1590 sum
834 1534 1069 1608 ignarus
1100 1533 1388 1593 sinistram
1430 1535 1485 1592 in
1533 1533 1678 1594 urhe
1719 1535 1957 1609 famam,
2007 1533 2131 1631 ple-

142 1635 313 1694 raque
344 1615 525 1676 foeda
550 1616 885 1694 memorari,
911 1605 1167 1678 ceterum
1195 1618 1262 1677 in
1291 1617 1568 1694 regendis
1595 1619 1908 1695 provinciis
1943 1619 2134 1694 prisca

140 1701 339 1760 virtute
376 1700 516 1776 egit.
576 1699 725 1759 unde
772 1717 1081 1776 regressus
1124 1710 1183 1760 et
1212 1702 1518 1760 formidine
1561 1699 1664 1761 Gai
1702 1698 2005 1776 GaesariS,
2049 1701 2132 1760 fa-

140 1784 460 1844 miliaritate
494 1781 717 1842 Claudii
744 1791 915 1861 turpe
942 1785 1000 1844 in
1030 1787 1324 1844 servitium
1353 1793 1600 1846 mutatus
1631 1786 1929 1862 exemplar
1979 1784 2132 1862 apud

25 1927 27 1932 .
138 1877 407 1944 posteros
450 1867 753 1929 adulatorii
798 1867 1107 1927 dedecoris
1150 1868 1425 1942 habetur,
1484 1876 1904 1944 cesseruntque
1953 1869 2132 1946 prima
2151 1888 2202 1928 ιο

140 1951 467 2029 postremis,
502 1957 561 2011 et
588 1950 742 2011 bona
774 1951 1045 2012 iuventae
1079 1960 1352 2012 senectus
1387 1951 1676 2027 flagitiosa
1707 1950 2054 2015 obliteravit.

253 2035 356 2098 39.
396 2034 477 2094 At
508 2054 582 2095 ex
612 2035 835 2111 regulis
862 2037 1023 2113 prior
1050 2036 1408 2097 Mithridates
1436 2034 1874 2096 Pharasmanem
1905 2052 2116 2112 perpu·
2135 2041 2204 2095 ³3

138 2120 195 2179 lit
234 2120 377 2179 dolo
424 2127 485 2177 ct
521 2121 580 2178 vi
618 2127 867 2189 ,conatus
910 2137 1047 2179 suos
1094 2122 1326 2194 iuvare,
1377 2120 1712 2196 repertique
1756 2126 2130 2196 corruptores

136 2206 425 2263 ministros
459 2202 699 2263 Arsacis
726 2203 903 2263 multo
938 2220 1079 2263 auro
1108 2204 1180 2264 ad
1211 2202 1410 2263 scelus
1441 2203 1686 2279 coguht;
1733 2202 1899 2263 simul
1930 2202 2130 2263 Hiberi

136 2290 353 2365 magnis
384 2286 571 2364 copiis
607 2286 933 2350 Armeniam
962 2288 1288 2365 inrumpunt
1319 2296 1378 2347 et
1406 2287 1551 2347 urbe
1585 2286 1864 2347 Artaxata
1906 2289 2127 2365 potiun-

136 2381 237 2431 tur.
298 2388 451 2449 quae
488 2380 792 2449 postquam
839 2370 1141 2432 Artabano*
1179 2373 1443 2448 cognita,
1489 2371 1666 2431 filium
1710 2369 1946 2431 Oroden
1986 2372 2130 2431 ulto·
2157 2383 2182 2421 5

134 2456 249 2514 rem
293 2462 493 2533 parat;
526 2454 623 2515 dat
652 2454 991 2515 Parthorum
1022 2457 1258 2535 copias,
1293 2455 1458 2516 mittit
1491 2457 1587 2533 qui
1617 2453 1826 2516 auxilia
1855 2454 2130 2515 mercede

136 2540 428 2599 facer-ent:
462 2548 663 2613 contra
688 2539 1105 2600 Pharasmanes
1126 2539 1445 2616 ‚adiungere
1468 2538 1751 2612 Albanos,
1779 2538 1973 2598 accire
1997 2537 2129 2597 Sar-

136 2632 329 2695 matas,
366 2639 611 2701 quorum
638 2623 943 2701 sceptuchi
974 2625 1258 2702 utrimque
1291 2624 1460 2685 donis
1488 2623 1748 2699 acceptis
1779 2638 1944 2681 more
1987 2638 2129 2697 gen-

140 2706 507 2767 ticodiversa
548 2706 809 2767 induere.
890 2706 999 2767 sed
1038 2708 1239 2767 Hiberi
1289 2708 1550 2767 locorum
1606 2713 1876 2784 potentes
1918 2702 2132 2781 Caspia

138 2791 220 2849 via
255 2790 579 2851 Sarmatam
612 2792 668 2849 in
708 2790 1021 2859 Armenios
1058 2792 1266 2869 raptim
1303 2789 1614 2861 effundunt.
1679 2798 1736 2849 at
1767 2790 1864 2867 qui
1905 2788 2130 2848 Parthis
2154 2802 2204 2841 ιο

138 2872 550 2949 adventabant,
609 2874 785 2936 facile
830 2874 1206 2951 arcebantur,
1265 2893 1390 2937 cum
1434 2874 1582 2935 alios
1631 2875 1894 2935 incessus
1945 2871 2130 2931 hostis

140 2956 463 3032 clausisset,
497 2976 665 3019 unum
693 2957 978 3036 reliquum
1002 2976 1165 3021 mare
1196 2960 1346 3017 inter
1379 2968 1438 3018 et
1461 2968 1752 3018 extremos
1774 2954 2132 3017 Albanorum

136 3051 357 3102 montes
402 3049 595 3102 aestas
634 3041 977 3120 impediret,
1028 3043 1161 3119 quia
1202 3042 1432 3101 flatibus
1475 3044 1786 3101 etesiarum
1827 3039 2132 3117 implentur

138 3124 305 3184 vada:
368 3124 643 3185 hibernus
696 3130 909 3185 auster'
943 3125 1197 3185 revolvit
1253 3126 1460 3187 fluctus
1519 3126 1808 3204 pulsoque
1852 3124 2131 3185 introrsus

140 3206 281 3269 freto
312 3209 519 3270 brevia
546 3210 775 3272 litorum
806 3208 1105 3270 nudanturss
1259 3252 1284 3277 ,
2151 3216 2200 3257 15
2246 3282 2252 3289 ¹

249 3294 355 3355 40.
397 3292 631 3353 Interim
662 3290 897 3353 Oroden
926 3294 1215 3353 sociorum
1245 3258 1479 3369 inopem
1511 3300 1712 3351 auctus
1735 3290 1948 3351 auxilio
1977 3290 2120 3351 Pha·
2135 3284 2202 3339 34

140 3382 431 3437 rasmanes
459 3394 679 3437 vocare
710 3376 783 3437 ad
813 3396 1063 3455 pugnam
1096 3386 1153 3436 et
1187 3376 1602 3437 detrectantem
1630 3377 1962 3450 incessere,
1997 3374 2131 3434 ade-

144 3461 358 3535 quitare
392 3461 625 3537 castris,
655 3460 947 3541 infensare
980 3460 1221 3540 pabula3
1263 3478 1333 3521 ac
1361 3477 1540 3539 saepe
1575 3460 1644 3523 in
1664 3460 1896 3531 modum
1927 3458 2132 3520 obsidii
