2475 4000
636 216 847 291 unum
890 219 1016 265 111.
1064 219 1214 274 cAr.
1246 217 1512 271 40—44.
1950 207 2073 272 213
2196 245 2202 249 -

59 370 496 450 praetoriarum
547 369 880 456 cohortium,
915 387 1050 431 cura
1094 373 1538 433 exsolverentur
1580 373 1780 435 Lusius
1828 374 1969 436 Geta
2018 385 2079 437 et

55 452 678 532 Rufrius.Crispinus,
725 471 872 532 quos
906 454 1257 518 Messalinae
1286 473 1577 517 memores
1612 466 1670 516 et
1711 458 1909 519 liberis
1949 460 2073 520 eius

57 539 380 598 devinctos
418 537 714 598 credebat.
779 539 953 616 igitur
994 539 1228 600 distrahi
1275 539 1551 600 cohortes
1590 540 1797 602 ambitu
1836 543 2075 603 duorum

37 616 142 698 ‘et,
187 624 240 681 si
271 620 345 683 ab
371 639 488 681 uno
515 631 887 699 regerentur,
931 623 1295 684 intentiorem
1335 625 1467 684 fore
1508 624 1867 703 disciplinam
1904 627 2068 686 adse·
2096 645 2127 684 ε»

53 715 318 766 verante
357 717 575 782 uxore,
641 706 981 766 transfertur
1033 709 1295 785 regimen
1346 707 1677 768 cohortium.
1718 707 1789 767 ad
1837 708 2075 770 Burrum

55 791 406 867 Afranium,
455 791 738 867 egregiae
787 791 1048 852 militaris
1085 791 1312 868 famae,
1376 809 1617 868 guarum
1668 801 1859 852 tamen
1914 795 2075 854 cuius
2174 805 2195 830 ‘

57 883 288 954 sponte
311 874 763 954 praeficeretur.
825 892 987 935 suum
1017 891 1250 955 quoque
1292 876 1581 952 fastigium
1619 876 1947 955 Agrippina
1978 893 2077 935 ex·
2111 901 2123 911 ·

59 958 292 1018 tollere
323 958 518 1018 altius:
554 967 830 1038 carpento
863 957 1208 1038 Capitolium
1239 959 1487 1037 ingredi,
1522 962 1618 1039 qui
1663 959 1851 1019 honos
1883 977 2076 1019 sacer-

59 1041 308 1102 dotibus
339 1051 397 1101 et
427 1044 611 1102 sacris
645 1043 950 1122 antiquitus
983 1061 1305 1127 concessus
1343 1045 1779 1105 venerationem
1822 1043 2077 1120 augebat
2096 1054 2145 1096 ιο

59 1127 350 1204 feminae,
393 1143 560 1206 quam
595 1127 949 1205 imperatore
980 1129 1263 1205 genitam,
1309 1144 1574 1187 sororem
1604 1129 1727 1187 eius
1758 1127 1854 1204 qui
1882 1145 2075 1187 rerum

59 1211 292 1292 potitus
336 1211 408 1270 sit
453 1219 512 1270 et
556 1212 864 1288 coniugem
904 1220 964 1271 et
1005 1221 1243 1272 matrem
1284 1212 1494 1288 fuisse,
1536 1211 1765 1270 unicum
1810 1210 1879 1270 ad
1923 1210 2077 1271 hunc
2117 1219 2123 1226 ·

14 1361 17 1366 ,
59 1297 223 1356 diem
253 1295 580 1373 exemplum
613 1303 720 1354 est.
775 1297 926 1355 inter
949 1313 1100 1374 quae
1134 1297 1485 1374 praecipuus
1516 1303 1921 1374 propugnator
1948 1294 2076 1362 eius

57 1377 377 1455 Vitellius,
426 1377 777 1439 validissima
815 1381 1036 1456 gratia,
1083 1387 1274 1440 aetate
1308 1388 1564 1439 extrema
1600 1378 1782 1459 (adeo
1812 1379 2073 1438 incertae

59 1471 204 1524 sunt
244 1465 559 1542 potentium
597 1461 728 1540 res)
771 1465 1141 1523 accusatione
1173 1464 1519 1543 corripitur,
1565 1460 1871 1522 deferente
1908 1459 2142 1522 Iuni015

55 1549 235 1625 Lupo
277 1555 567 1606 senatore.
638 1546 690 1605 is
735 1548 968 1608 crimina
1015 1548 1328 1608 maiestatis
1376 1556 1435 1607 et
1478 1546 1807 1625 cupidinem
1844 1545 2075 1624 imperii

61 1629 434 1702 objectabat3
493 1630 974 1710 praebuissetque
1031 1649 1202 1692 aures
1247 1629 1500 1708 Cacsar,
1550 1631 1665 1690 nisi
1707 1629 2087 1708 Agrippinae

55 1715 240 1776 minis
267 1715 452 1791 magis
492 1732 659 1793 quam
689 1713 964 1793 precibus
986 1724 1229 1777 mutatus
1257 1723 1445 1792 esset,
1478 1723 1539 1774 ut
1564 1713 1892 1774 accusatori
1927 1729 2075 1790 aqua

57 1809 248 1878 atque
273 1800 395 1876 igni
423 1797 815 1859 interdiceret.
870 1798 1150 1860 hactenus
1179 1799 1450 1861 Vitellius
1480 1798 1766 1856 voluerat.

201 1881 302 1943 43.
338 1882 521 1946 Multa
549 1901 623 1944 eo
655 1901 803 1944 anno
833 1884 1102 1961 prodigia
1134 1901 1408 1955 evenere.
1468 1881 1755 1943 insessum
1786 1878 1923 1938 diris
1956 1879 2071 1939 avi·

57 1971 184 2031 bus
215 1965 594 2048 Capitolium,
637 1967 860 2029 crebris
904 1976 1098 2028 terrae
1129 1965 1379 2027 motibus
1410 1972 1686 2043 prorutae
1719 1961 1955 2038 domus,
2004 1979 2076 2021 ac
2180 2040 2188 2047 q

59 2056 204 2115 dum
233 2052 404 2113 latius
431 2054 727 2128 metuitur,
765 2052 1151 2131 trepidatione
1182 2050 1342 2126 vulgi
1371 2046 1658 2107 invalidus
1695 2046 1937 2124 quisque
1971 2043 2073 2109 oh-

57 2140 220 2204 triti;
261 2136 490 2211 frugum
537 2152 769 2213 quoque
813 2144 1052 2211 egestas
1095 2143 1156 2193 et
1196 2142 1323 2193 orta
1352 2148 1428 2191 ex
1468 2148 1545 2191 eo
1575 2130 1759 2189 fames
1786 2129 1844 2187 in
1880 2127 2072 2207 prodi-

55 2225 230 2301 gium
283 2218 694 2296 accipiebatur.
759 2236 872 2277 nec
923 2218 1138 2278 occulti
1186 2224 1401 2276 tantum
1454 2222 1722 2293 questus,
1792 2212 1897 2272 sed
1950 2213 2070 2271 iura
2095 2228 2121 2268 ⁵

53 2300 414 2367 reddentem
445 2299 746 2361 Claudium
785 2302 1212 2361 circumvasere
1244 2298 1591 2360 clamoribus
1625 2295 1899 2374 turbidis,
1948 2296 2073 2377 pul-

55 2401 315 2463 sumque
341 2386 401 2443 in
432 2392 744 2445 extremam
779 2384 890 2444 fori
916 2394 1139 2465 partem
1159 2386 1218 2444 vi
1248 2383 1592 2461 urguebant,
1624 2381 1815 2441 donec
1836 2381 2074 2440 militum

57 2469 258 2552 globo
297 2468 560 2528 infensos
615 2470 893 2548 perrupit.
956 2469 1281 2548 quindecim
1336 2467 1554 2527 dierum
1607 2465 1871 2527 alimenta
1924 2462 2073 2539 urbi,

57 2573 193 2617 non
223 2552 487 2632 amplius,
524 2554 884 2632 superfuisse
919 2554 1199 2630 constitit,
1239 2568 1571 2629 magnaque
1588 2548 1768 2609 -deum
1809 2546 2073 2624 benigni·

59 2648 194 2702 tate
235 2645 294 2696 et
336 2636 868 2697 modestia-hiemis
907 2636 1082 2697 rebus
1117 2638 1393 2717 extremis
1431 2632 1794 2694 subventum.
1856 2639 1914 2691 at
1943 2629 2072 2690 ber·
2094 2642 2145 2684 ιο
2246 2620 2287 2658 -’

63 2721 209 2785 cule
265 2720 400 2780 olim
447 2719 612 2783 Italia
663 2719 993 2799 legionibus
1034 2721 1387 2799 longinquas
1440 2720 1498 2777 in
1539 2716 1875 2796 provincias
1922 2728 2073 2773 com-

61 2814 294 2870 meatus
323 2804 612 2884 portabat,
649 2824 761 2865 nec
791 2822 942 2865 nunc
969 2804 1381 2891 infecunditate
1410 2802 1727 2863 laboratur.
1794 2798 1899 2858 sed
1922 2796 2073 2857 Afri·
2124 2858 2137 2875 Ι

65 2906 204 2953 cam
242 2891 432 2968 potius
461 2897 522 2949 et
561 2889 896 2969 Aegyptum
931 2906 1305 2965 exercemus,
1349 2883 1709 2963 navibusque
1752 2891 1813 2942 et
1846 2878 2075 2941 casibus

64 2976 194 3036 vita
231 2973 428 3052 populi
456 2974 700 3035 Romani
730 2974 1013 3052 permissa
1043 2982 1154 3033 est.

199 3057 300 3118 44.
361 3056 584 3118 Eodem
647 3074 797 3119 anno
864 3056 1079 3117 bellum
1143 3056 1295 3115 inter
1347 3053 1659 3113 Armenios
1708 3048 2076 3127 Hiberosque

71 3149 340 3205 exortum
365 3140 592 3203 Parthis
623 3159 858 3221 quoque
887 3158 958 3201 ac
995 3141 1275 3202 Romanis
1302 3137 1776 3215 gravissimorum
1818 3136 1969 3192 inter
2010 3148 2075 3190 se

67 3234 323 3289 motuum
355 3242 528 3288 causa
553 3228 679 3287 fuit.
741 3227 903 3303 genti
935 3224 1273 3286 Parthorum
1302 3220 1645 3296 Vologeses
1689 3214 2073 3297 imperitabat,

69 3318 330 3371 materna
355 3312 586 3388 origine
616 3329 692 3371 ex
720 3309 948 3389 paelice
979 3308 1220 3385 Graeca,
1253 3320 1541 3365 concessu
1569 3300 1805 3365 fratrum
1832 3316 2076 3376 regnum

73 3392 350 3473 adeptus;
397 3394 666 3456 Hiberos
690 3394 1104 3455 Pharasmanes
1145 3398 1375 3451 vetusta
1414 3387 1825 3468 possessione,
1872 3382 2073 3443 Arme-
2094 3394 2119 3435 ⁵

71 3479 210 3541 nios
254 3478 432 3539 frater
483 3481 610 3539 eius
657 3477 1015 3539 Mithridates
1061 3474 1363 3555 optinebat
1406 3470 1615 3551 opibus
1665 3470 1899 3530 nostris.
1954 3474 2075 3528 erat
