<?xml version="1.0" encoding="UTF-8"?>
<!DOCTYPE html PUBLIC "-//W3C//DTD XHTML 1.0 Transitional//EN"
    "http://www.w3.org/TR/xhtml1/DTD/xhtml1-transitional.dtd">
<html xmlns="http://www.w3.org/1999/xhtml" xml:lang="en" lang="en">
 <head>
  <title>
</title>
<meta http-equiv="Content-Type" content="text/html;charset=utf-8" />
  <meta name='ocr-system' content='tesseract 3.04.00' />
  <meta name='ocr-capabilities' content='ocr_page ocr_carea ocr_par ocr_line ocrx_word'/>
</head>
<body>
  <div class='ocr_page' id='page_1' title='image "./corneltacitilib00unkngoog_0083.png"; bbox 0 0 2475 4000; ppageno 0'>
   <div class='ocr_carea' id='block_1_1' title="bbox 837 241 2187 305">
    <p class='ocr_par' dir='ltr' id='par_1_1' title="bbox 837 241 2187 305">
     <span class='ocr_line' id='line_1_1' title="bbox 837 241 2187 305; baseline 0.004 -10"><span class='ocrx_word' id='word_1_1' title='bbox 837 251 1046 296; x_wconf 66' lang='lat' dir='ltr'>mer</span> <span class='ocrx_word' id='word_1_2' title='bbox 1065 251 1108 296; x_wconf 90' lang='lat'>1.</span> <span class='ocrx_word' id='word_1_3' title='bbox 1141 252 1290 297; x_wconf 75' lang='lat' dir='ltr'>cAP.</span> <span class='ocrx_word' id='word_1_4' title='bbox 1319 249 1552 305; x_wconf 79' lang='lat'><strong>36—41.</strong></span> <span class='ocrx_word' id='word_1_5' title='bbox 2112 241 2187 300; x_wconf 83' lang='lat'>21</span> 
     </span>
    </p>
   </div>
   <div class='ocr_carea' id='block_1_2' title="bbox 119 401 2267 1402">
    <p class='ocr_par' dir='ltr' id='par_1_2' title="bbox 119 401 2267 1402">
     <span class='ocr_line' id='line_1_2' title="bbox 211 401 2195 487; baseline 0.002 -25"><span class='ocrx_word' id='word_1_6' title='bbox 211 403 352 462; x_wconf 88' lang='lat' dir='ltr'>dere</span> <span class='ocrx_word' id='word_1_7' title='bbox 383 401 653 461; x_wconf 83' lang='lat' dir='ltr'>vexillum</span> <span class='ocrx_word' id='word_1_8' title='bbox 697 402 916 461; x_wconf 90' lang='lat' dir='ltr'>intento</span> <span class='ocrx_word' id='word_1_9' title='bbox 959 403 1156 462; x_wconf 87' lang='lat' dir='ltr'>mortis</span> <span class='ocrx_word' id='word_1_10' title='bbox 1195 410 1352 460; x_wconf 88' lang='lat' dir='ltr'>metu</span> <span class='ocrx_word' id='word_1_11' title='bbox 1394 404 1673 480; x_wconf 88' lang='lat' dir='ltr'>subigunt.</span> <span class='ocrx_word' id='word_1_12' title='bbox 1743 426 1880 469; x_wconf 87' lang='lat' dir='ltr'>mox</span> <span class='ocrx_word' id='word_1_13' title='bbox 1923 409 2056 486; x_wconf 85' lang='lat' dir='ltr'>vagi</span> <span class='ocrx_word' id='word_1_14' title='bbox 2087 425 2195 487; x_wconf 88' lang='lat' dir='ltr'>per</span> 
     </span>
     <span class='ocr_line' id='line_1_3' title="bbox 210 485 2191 562; baseline 0.004 -18"><span class='ocrx_word' id='word_1_15' title='bbox 210 488 330 544; x_wconf 78' lang='lat' dir='ltr'>vias</span> <span class='ocrx_word' id='word_1_16' title='bbox 355 485 558 544; x_wconf 84' lang='lat' dir='ltr'>obvios</span> <span class='ocrx_word' id='word_1_17' title='bbox 589 486 846 545; x_wconf 80' lang='lat' dir='ltr'><strong>habuere</strong></span> <span class='ocrx_word' id='word_1_18' title='bbox 871 486 1121 562; x_wconf 76' lang='lat' dir='ltr'>legatOS,</span> <span class='ocrx_word' id='word_1_19' title='bbox 1154 485 1345 545; x_wconf 79' lang='lat' dir='ltr'>audita</span> <span class='ocrx_word' id='word_1_20' title='bbox 1376 492 1828 552; x_wconf 75' lang='lat' dir='ltr'>consternatione</span> <span class='ocrx_word' id='word_1_21' title='bbox 1858 493 1929 553; x_wconf 86' lang='lat' dir='ltr'>ad</span> <span class='ocrx_word' id='word_1_22' title='bbox 1958 492 2191 557; x_wconf 83' lang='lat' dir='ltr'>Germa-</span> 
     </span>
     <span class='ocr_line' id='line_1_4' title="bbox 119 569 2189 656; baseline 0.004 -29"><span class='ocrx_word' id='word_1_23' title='bbox 119 593 130 603; x_wconf 90' lang='lat'>·</span> <span class='ocrx_word' id='word_1_24' title='bbox 209 571 393 628; x_wconf 83' lang='lat' dir='ltr'>uicum</span> <span class='ocrx_word' id='word_1_25' title='bbox 445 569 770 629; x_wconf 87' lang='lat' dir='ltr'>tendentes.</span> <span class='ocrx_word' id='word_1_26' title='bbox 869 571 1133 647; x_wconf 84' lang='lat' dir='ltr'>ingerunt</span> <span class='ocrx_word' id='word_1_27' title='bbox 1193 569 1607 648; x_wconf 74' lang='lat' dir='ltr'>contumeliae,</span> <span class='ocrx_word' id='word_1_28' title='bbox 1670 575 1900 635; x_wconf 88' lang='lat' dir='ltr'>caedem</span> <span class='ocrx_word' id='word_1_29' title='bbox 1966 584 2189 656; x_wconf 86' lang='lat' dir='ltr'>parant,</span> 
     </span>
     <span class='ocr_line' id='line_1_5' title="bbox 213 651 2190 735; baseline 0.004 -24"><span class='ocrx_word' id='word_1_30' title='bbox 213 653 418 712; x_wconf 82' lang='lat' dir='ltr'>Planco</span> <span class='ocrx_word' id='word_1_31' title='bbox 447 654 919 731; x_wconf 73' lang='lat' dir='ltr'>maxime,‘quem</span> <span class='ocrx_word' id='word_1_32' title='bbox 949 653 1196 730; x_wconf 77' lang='lat' dir='ltr'>dignitas</span> <span class='ocrx_word' id='word_1_33' title='bbox 1227 653 1367 731; x_wconf 82' lang='lat' dir='ltr'>fuga</span> <span class='ocrx_word' id='word_1_34' title='bbox 1390 651 1796 731; x_wconf 88' lang='lat' dir='ltr'>impediverat;</span> <span class='ocrx_word' id='word_1_35' title='bbox 1828 672 2013 735; x_wconf 87' lang='lat' dir='ltr'>neque</span> <span class='ocrx_word' id='word_1_36' title='bbox 2039 659 2190 720; x_wconf 86' lang='lat' dir='ltr'>aliud</span> 
     </span>
     <span class='ocr_line' id='line_1_6' title="bbox 211 737 2259 817; baseline 0.004 -22"><span class='ocrx_word' id='word_1_37' title='bbox 211 737 549 816; x_wconf 72' lang='lat' dir='ltr'>periclitanti</span> <span class='ocrx_word' id='word_1_38' title='bbox 603 737 914 797; x_wconf 84' lang='lat' dir='ltr'>subsidium</span> <span class='ocrx_word' id='word_1_39' title='bbox 969 754 1137 817; x_wconf 89' lang='lat' dir='ltr'>quam</span> <span class='ocrx_word' id='word_1_40' title='bbox 1195 745 1384 797; x_wconf 89' lang='lat' dir='ltr'>castra</span> <span class='ocrx_word' id='word_1_41' title='bbox 1440 737 1656 816; x_wconf 86' lang='lat' dir='ltr'>primae</span> <span class='ocrx_word' id='word_1_42' title='bbox 1713 737 1977 814; x_wconf 77' lang='lat' dir='ltr'>legionis,</span> <span class='ocrx_word' id='word_1_43' title='bbox 2067 743 2259 803; x_wconf 78' lang='lat' dir='ltr'>illic15</span> 
     </span>
     <span class='ocr_line' id='line_1_7' title="bbox 202 819 2191 900; baseline 0.003 -22"><span class='ocrx_word' id='word_1_44' title='bbox 202 822 367 897; x_wconf 87' lang='lat' dir='ltr'>signa</span> <span class='ocrx_word' id='word_1_45' title='bbox 407 829 466 879; x_wconf 92' lang='lat' dir='ltr'>et</span> <span class='ocrx_word' id='word_1_46' title='bbox 507 820 752 898; x_wconf 84' lang='lat' dir='ltr'>aquilam</span> <span class='ocrx_word' id='word_1_47' title='bbox 802 821 1102 900; x_wconf 85' lang='lat' dir='ltr'>amplexus</span> <span class='ocrx_word' id='word_1_48' title='bbox 1152 821 1440 898; x_wconf 88' lang='lat' dir='ltr'>religione</span> <span class='ocrx_word' id='word_1_49' title='bbox 1486 839 1621 880; x_wconf 88' lang='lat' dir='ltr'>sese</span> <span class='ocrx_word' id='word_1_50' title='bbox 1662 819 1982 898; x_wconf 88' lang='lat' dir='ltr'>tutabatur,</span> <span class='ocrx_word' id='word_1_51' title='bbox 2025 843 2092 884; x_wconf 88' lang='lat' dir='ltr'>ac</span> <span class='ocrx_word' id='word_1_52' title='bbox 2135 827 2191 883; x_wconf 88' lang='lat' dir='ltr'>ni</span> 
     </span>
     <span class='ocr_line' id='line_1_8' title="bbox 199 902 2193 983; baseline 0.001 -19"><span class='ocrx_word' id='word_1_53' title='bbox 199 904 472 983; x_wconf 83' lang='lat' dir='ltr'>aquilifer</span> <span class='ocrx_word' id='word_1_54' title='bbox 518 902 860 983; x_wconf 83' lang='lat' dir='ltr'>Calpurnius</span> <span class='ocrx_word' id='word_1_55' title='bbox 905 906 1016 964; x_wconf 85' lang='lat' dir='ltr'>vim</span> <span class='ocrx_word' id='word_1_56' title='bbox 1065 913 1378 964; x_wconf 87' lang='lat' dir='ltr'>extremam</span> <span class='ocrx_word' id='word_1_57' title='bbox 1424 905 1743 981; x_wconf 78' lang='lat' dir='ltr'>arcuisset,</span> <span class='ocrx_word' id='word_1_58' title='bbox 1790 921 1982 965; x_wconf 90' lang='lat' dir='ltr'>rarum</span> <span class='ocrx_word' id='word_1_59' title='bbox 2029 909 2193 968; x_wconf 89' lang='lat' dir='ltr'>etiam</span> 
     </span>
     <span class='ocr_line' id='line_1_9' title="bbox 194 987 2193 1068; baseline 0.001 -21"><span class='ocrx_word' id='word_1_60' title='bbox 194 989 350 1048; x_wconf 76' lang='lat' dir='ltr'>inter</span> <span class='ocrx_word' id='word_1_61' title='bbox 379 988 614 1063; x_wconf 87' lang='lat' dir='ltr'>hostes,</span> <span class='ocrx_word' id='word_1_62' title='bbox 661 987 887 1066; x_wconf 85' lang='lat' dir='ltr'>legatus</span> <span class='ocrx_word' id='word_1_63' title='bbox 920 988 1118 1068; x_wconf 90' lang='lat' dir='ltr'>populi</span> <span class='ocrx_word' id='word_1_64' title='bbox 1145 987 1385 1048; x_wconf 87' lang='lat' dir='ltr'>Romani</span> <span class='ocrx_word' id='word_1_65' title='bbox 1413 987 1683 1048; x_wconf 87' lang='lat' dir='ltr'>Romanis</span> <span class='ocrx_word' id='word_1_66' title='bbox 1719 989 1777 1047; x_wconf 90' lang='lat' dir='ltr'>in</span> <span class='ocrx_word' id='word_1_67' title='bbox 1824 989 2029 1048; x_wconf 86' lang='lat' dir='ltr'>castris</span> <span class='ocrx_word' id='word_1_68' title='bbox 2073 1008 2193 1049; x_wconf 91' lang='lat' dir='ltr'>san-</span> 
     </span>
     <span class='ocr_line' id='line_1_10' title="bbox 193 1071 2232 1154; baseline 0.002 -25"><span class='ocrx_word' id='word_1_69' title='bbox 193 1073 373 1150; x_wconf 87' lang='lat' dir='ltr'>guine</span> <span class='ocrx_word' id='word_1_70' title='bbox 407 1087 514 1130; x_wconf 90' lang='lat' dir='ltr'>suo</span> <span class='ocrx_word' id='word_1_71' title='bbox 547 1071 746 1132; x_wconf 82' lang='lat' dir='ltr'>altaria</span> <span class='ocrx_word' id='word_1_72' title='bbox 779 1073 948 1132; x_wconf 89' lang='lat' dir='ltr'>deum</span> <span class='ocrx_word' id='word_1_73' title='bbox 981 1073 1537 1131; x_wconf 83' lang='lat' dir='ltr'>commaculavisset.</span> <span class='ocrx_word' id='word_1_74' title='bbox 1590 1072 1721 1154; x_wconf 71' lang='lat' dir='ltr'>luce</span> <span class='ocrx_word' id='word_1_75' title='bbox 1760 1071 2007 1147; x_wconf 89' lang='lat' dir='ltr'>demum,</span> <span class='ocrx_word' id='word_1_76' title='bbox 2040 1081 2232 1151; x_wconf 30' lang='lat' dir='ltr'>post-t</span> 
     </span>
     <span class='ocr_line' id='line_1_11' title="bbox 195 1154 2267 1235; baseline 0 -21"><span class='ocrx_word' id='word_1_77' title='bbox 195 1174 370 1235; x_wconf 89' lang='lat' dir='ltr'>quam</span> <span class='ocrx_word' id='word_1_78' title='bbox 396 1156 512 1215; x_wconf 87' lang='lat' dir='ltr'>dux</span> <span class='ocrx_word' id='word_1_79' title='bbox 541 1165 597 1214; x_wconf 87' lang='lat' dir='ltr'>et</span> <span class='ocrx_word' id='word_1_80' title='bbox 632 1156 796 1216; x_wconf 89' lang='lat' dir='ltr'>miles</span> <span class='ocrx_word' id='word_1_81' title='bbox 827 1165 886 1214; x_wconf 89' lang='lat' dir='ltr'>et</span> <span class='ocrx_word' id='word_1_82' title='bbox 907 1156 1059 1215; x_wconf 87' lang='lat' dir='ltr'>facta</span> <span class='ocrx_word' id='word_1_83' title='bbox 1084 1154 1493 1230; x_wconf 86' lang='lat' dir='ltr'>noscebantur,</span> <span class='ocrx_word' id='word_1_84' title='bbox 1524 1157 1827 1232; x_wconf 86' lang='lat' dir='ltr'>ingressus</span> <span class='ocrx_word' id='word_1_85' title='bbox 1852 1165 2039 1216; x_wconf 84' lang='lat' dir='ltr'>castra</span> <span class='ocrx_word' id='word_1_86' title='bbox 2060 1155 2197 1216; x_wconf 85' lang='lat' dir='ltr'>Ger·</span> <span class='ocrx_word' id='word_1_87' title='bbox 2215 1163 2267 1204; x_wconf 83' lang='lat'>2⁰</span> 
     </span>
     <span class='ocr_line' id='line_1_12' title="bbox 191 1238 2197 1320; baseline 0 -22"><span class='ocrx_word' id='word_1_88' title='bbox 191 1238 456 1300; x_wconf 82' lang='lat' dir='ltr'>manicus</span> <span class='ocrx_word' id='word_1_89' title='bbox 485 1239 726 1317; x_wconf 84' lang='lat' dir='ltr'>perduci</span> <span class='ocrx_word' id='word_1_90' title='bbox 755 1240 826 1299; x_wconf 89' lang='lat' dir='ltr'>ad</span> <span class='ocrx_word' id='word_1_91' title='bbox 866 1259 930 1298; x_wconf 90' lang='lat' dir='ltr'>se</span> <span class='ocrx_word' id='word_1_92' title='bbox 962 1239 1230 1298; x_wconf 87' lang='lat' dir='ltr'>Plancum</span> <span class='ocrx_word' id='word_1_93' title='bbox 1259 1239 1501 1318; x_wconf 89' lang='lat' dir='ltr'>imperat</span> <span class='ocrx_word' id='word_1_94' title='bbox 1533 1241 1879 1320; x_wconf 86' lang='lat' dir='ltr'>recepitque</span> <span class='ocrx_word' id='word_1_95' title='bbox 1922 1243 1978 1298; x_wconf 90' lang='lat' dir='ltr'>in</span> <span class='ocrx_word' id='word_1_96' title='bbox 2022 1239 2197 1299; x_wconf 91' lang='lat' dir='ltr'>tribu-</span> 
     </span>
     <span class='ocr_line' id='line_1_13' title="bbox 193 1321 2197 1402; baseline -0.001 -19"><span class='ocrx_word' id='word_1_97' title='bbox 193 1324 318 1383; x_wconf 89' lang='lat' dir='ltr'>nal.</span> <span class='ocrx_word' id='word_1_98' title='bbox 383 1332 499 1382; x_wconf 87' lang='lat' dir='ltr'>tum</span> <span class='ocrx_word' id='word_1_99' title='bbox 529 1323 763 1382; x_wconf 86' lang='lat' dir='ltr'>fatalem</span> <span class='ocrx_word' id='word_1_100' title='bbox 794 1325 1101 1400; x_wconf 84' lang='lat' dir='ltr'>increpans</span> <span class='ocrx_word' id='word_1_101' title='bbox 1134 1322 1371 1399; x_wconf 86' lang='lat' dir='ltr'>rabiem,</span> <span class='ocrx_word' id='word_1_102' title='bbox 1410 1341 1598 1402; x_wconf 89' lang='lat' dir='ltr'>neque</span> <span class='ocrx_word' id='word_1_103' title='bbox 1630 1324 1865 1384; x_wconf 90' lang='lat' dir='ltr'>militum</span> <span class='ocrx_word' id='word_1_104' title='bbox 1892 1321 1997 1382; x_wconf 92' lang='lat' dir='ltr'>sed</span> <span class='ocrx_word' id='word_1_105' title='bbox 2030 1323 2197 1384; x_wconf 86' lang='lat' dir='ltr'>deum</span> 
     </span>
    </p>
   </div>
   <div class='ocr_carea' id='block_1_3' title="bbox 76 1405 2197 1495">
    <p class='ocr_par' dir='ltr' id='par_1_3' title="bbox 76 1405 2197 1495">
     <span class='ocr_line' id='line_1_14' title="bbox 76 1405 2197 1495; baseline -0 -29"><span class='ocrx_word' id='word_1_106' title='bbox 76 1484 87 1495; x_wconf 87' lang='lat'><em>.</em></span> <span class='ocrx_word' id='word_1_107' title='bbox 192 1410 286 1467; x_wconf 86' lang='lat' dir='ltr'>ira</span> <span class='ocrx_word' id='word_1_108' title='bbox 317 1424 656 1488; x_wconf 80' lang='lat' dir='ltr'>resurgere,</span> <span class='ocrx_word' id='word_1_109' title='bbox 692 1425 791 1466; x_wconf 92' lang='lat' dir='ltr'>cur</span> <span class='ocrx_word' id='word_1_110' title='bbox 821 1407 1083 1466; x_wconf 84' lang='lat' dir='ltr'>venerint</span> <span class='ocrx_word' id='word_1_111' title='bbox 1115 1405 1291 1482; x_wconf 87' lang='lat' dir='ltr'>legati</span> <span class='ocrx_word' id='word_1_112' title='bbox 1327 1409 1543 1486; x_wconf 88' lang='lat' dir='ltr'>aperit;</span> <span class='ocrx_word' id='word_1_113' title='bbox 1580 1409 1668 1466; x_wconf 89' lang='lat' dir='ltr'>ius</span> <span class='ocrx_word' id='word_1_114' title='bbox 1690 1407 1999 1485; x_wconf 84' lang='lat' dir='ltr'>legationis</span> <span class='ocrx_word' id='word_1_115' title='bbox 2023 1415 2197 1486; x_wconf 88' lang='lat' dir='ltr'>atque</span> 
     </span>
    </p>
   </div>
   <div class='ocr_carea' id='block_1_4' title="bbox 155 1489 2323 3573">
    <p class='ocr_par' dir='ltr' id='par_1_4' title="bbox 195 1489 2267 1802">
     <span class='ocr_line' id='line_1_15' title="bbox 195 1489 2194 1570; baseline 0.001 -22"><span class='ocrx_word' id='word_1_116' title='bbox 195 1492 388 1570; x_wconf 87' lang='lat' dir='ltr'>ipsius</span> <span class='ocrx_word' id='word_1_117' title='bbox 419 1489 617 1549; x_wconf 85' lang='lat' dir='ltr'>Planci</span> <span class='ocrx_word' id='word_1_118' title='bbox 649 1508 884 1566; x_wconf 86' lang='lat' dir='ltr'>gravem</span> <span class='ocrx_word' id='word_1_119' title='bbox 917 1499 975 1549; x_wconf 85' lang='lat' dir='ltr'>et</span> <span class='ocrx_word' id='word_1_120' title='bbox 1004 1491 1325 1566; x_wconf 82' lang='lat' dir='ltr'>inmeritum</span> <span class='ocrx_word' id='word_1_121' title='bbox 1353 1507 1566 1567; x_wconf 90' lang='lat' dir='ltr'>casum,</span> <span class='ocrx_word' id='word_1_122' title='bbox 1598 1493 1763 1550; x_wconf 85' lang='lat' dir='ltr'>simul</span> <span class='ocrx_word' id='word_1_123' title='bbox 1798 1501 2064 1570; x_wconf 89' lang='lat' dir='ltr'>quantum</span> <span class='ocrx_word' id='word_1_124' title='bbox 2096 1492 2194 1550; x_wconf 87' lang='lat' dir='ltr'>de-</span> 
     </span>
     <span class='ocr_line' id='line_1_16' title="bbox 197 1574 2267 1654; baseline 0 -20"><span class='ocrx_word' id='word_1_125' title='bbox 197 1574 437 1634; x_wconf 86' lang='lat' dir='ltr'>decoris</span> <span class='ocrx_word' id='word_1_126' title='bbox 469 1574 672 1632; x_wconf 88' lang='lat' dir='ltr'>adierit</span> <span class='ocrx_word' id='word_1_127' title='bbox 715 1574 905 1651; x_wconf 85' lang='lat' dir='ltr'>legio,</span> <span class='ocrx_word' id='word_1_128' title='bbox 950 1574 1193 1634; x_wconf 84' lang='lat' dir='ltr'>facunde</span> <span class='ocrx_word' id='word_1_129' title='bbox 1235 1575 1568 1651; x_wconf 87' lang='lat' dir='ltr'>miseratur,</span> <span class='ocrx_word' id='word_1_130' title='bbox 1598 1577 1970 1654; x_wconf 81' lang='lat' dir='ltr'>‘attonitaque</span> <span class='ocrx_word' id='word_1_131' title='bbox 2012 1575 2267 1652; x_wconf 78' lang='lat' dir='ltr'>magis2⁵</span> 
     </span>
     <span class='ocr_line' id='line_1_17' title="bbox 199 1657 2194 1737; baseline 0.001 -21"><span class='ocrx_word' id='word_1_132' title='bbox 199 1675 374 1736; x_wconf 80' lang='lat' dir='ltr'>quam</span> <span class='ocrx_word' id='word_1_133' title='bbox 417 1657 607 1736; x_wconf 82' lang='lat' dir='ltr'>quie-ta</span> <span class='ocrx_word' id='word_1_134' title='bbox 649 1659 918 1718; x_wconf 85' lang='lat' dir='ltr'>contione</span> <span class='ocrx_word' id='word_1_135' title='bbox 962 1659 1189 1735; x_wconf 85' lang='lat' dir='ltr'>legatos</span> <span class='ocrx_word' id='word_1_136' title='bbox 1234 1657 1525 1736; x_wconf 87' lang='lat' dir='ltr'>praesidio</span> <span class='ocrx_word' id='word_1_137' title='bbox 1556 1660 1912 1720; x_wconf 84' lang='lat' dir='ltr'>auxiliarium</span> <span class='ocrx_word' id='word_1_138' title='bbox 1945 1659 2194 1737; x_wconf 89' lang='lat' dir='ltr'>equitum</span> 
     </span>
     <span class='ocr_line' id='line_1_18' title="bbox 195 1743 454 1802; baseline -0.015 0"><span class='ocrx_word' id='word_1_139' title='bbox 195 1743 454 1802; x_wconf 78' lang='lat' dir='ltr'>dimittit.¹</span> 
     </span>
    </p>

    <p class='ocr_par' dir='ltr' id='par_1_5' title="bbox 155 1823 2307 2902">
     <span class='ocr_line' id='line_1_19' title="bbox 326 1823 2199 1904; baseline -0.002 -18"><span class='ocrx_word' id='word_1_140' title='bbox 326 1826 427 1886; x_wconf 87' lang='lat'>40.</span> <span class='ocrx_word' id='word_1_141' title='bbox 474 1823 564 1884; x_wconf 87' lang='grc' dir='ltr'>Εο</span> <span class='ocrx_word' id='word_1_142' title='bbox 594 1826 649 1884; x_wconf 90' lang='lat' dir='ltr'>in</span> <span class='ocrx_word' id='word_1_143' title='bbox 680 1825 833 1886; x_wconf 83' lang='lat' dir='ltr'>metu</span> <span class='ocrx_word' id='word_1_144' title='bbox 872 1845 1121 1904; x_wconf 87' lang='lat' dir='ltr'>arguere</span> <span class='ocrx_word' id='word_1_145' title='bbox 1164 1825 1563 1886; x_wconf 86' lang='lat' dir='ltr'>Germanicum</span> <span class='ocrx_word' id='word_1_146' title='bbox 1605 1843 1839 1901; x_wconf 76' lang='lat' dir='ltr'>omneS,</span> <span class='ocrx_word' id='word_1_147' title='bbox 1886 1826 2040 1904; x_wconf 89' lang='lat' dir='ltr'>quod</span> <span class='ocrx_word' id='word_1_148' title='bbox 2084 1841 2199 1884; x_wconf 87' lang='lat' dir='ltr'>non</span> 
     </span>
     <span class='ocr_line' id='line_1_20' title="bbox 193 1907 2198 1988; baseline -0.002 -18"><span class='ocrx_word' id='word_1_149' title='bbox 193 1910 269 1970; x_wconf 85' lang='lat' dir='ltr'>ad</span> <span class='ocrx_word' id='word_1_150' title='bbox 307 1912 666 1988; x_wconf 90' lang='lat' dir='ltr'>superiorem</span> <span class='ocrx_word' id='word_1_151' title='bbox 711 1913 1031 1970; x_wconf 88' lang='lat' dir='ltr'>exercitum</span> <span class='ocrx_word' id='word_1_152' title='bbox 1063 1908 1373 1988; x_wconf 84' lang='lat' dir='ltr'>pergeret,</span> <span class='ocrx_word' id='word_1_153' title='bbox 1425 1908 1520 1966; x_wconf 91' lang='lat' dir='ltr'>ubi</span> <span class='ocrx_word' id='word_1_154' title='bbox 1568 1907 1852 1985; x_wconf 89' lang='lat' dir='ltr'>obsequia</span> <span class='ocrx_word' id='word_1_155' title='bbox 1898 1917 1955 1966; x_wconf 91' lang='lat' dir='ltr'>et</span> <span class='ocrx_word' id='word_1_156' title='bbox 2000 1909 2198 1966; x_wconf 80' lang='lat' dir='ltr'>contra</span> 
     </span>
     <span class='ocr_line' id='line_1_21' title="bbox 191 1989 2198 2073; baseline -0.002 -20"><span class='ocrx_word' id='word_1_157' title='bbox 191 1993 439 2054; x_wconf 79' lang='lat' dir='ltr'>rebellis</span> <span class='ocrx_word' id='word_1_158' title='bbox 472 1993 770 2055; x_wconf 82' lang='lat' dir='ltr'>auxilium:</span> <span class='ocrx_word' id='word_1_159' title='bbox 805 1996 946 2054; x_wconf 86' lang='lat' dir='ltr'>satis</span> <span class='ocrx_word' id='word_1_160' title='bbox 977 2011 1275 2073; x_wconf 85' lang='lat' dir='ltr'>superque</span> <span class='ocrx_word' id='word_1_161' title='bbox 1305 1991 1583 2051; x_wconf 88' lang='lat' dir='ltr'>missione</span> <span class='ocrx_word' id='word_1_162' title='bbox 1616 2000 1673 2050; x_wconf 92' lang='lat' dir='ltr'>et</span> <span class='ocrx_word' id='word_1_163' title='bbox 1695 1991 1942 2069; x_wconf 89' lang='lat' dir='ltr'>pecunia</span> <span class='ocrx_word' id='word_1_164' title='bbox 1976 1999 2034 2049; x_wconf 90' lang='lat' dir='ltr'>et</span> <span class='ocrx_word' id='word_1_165' title='bbox 2057 1989 2198 2049; x_wconf 91' lang='lat' dir='ltr'>mol-</span> 
     </span>
     <span class='ocr_line' id='line_1_22' title="bbox 194 2072 2307 2156; baseline -0.003 -19"><span class='ocrx_word' id='word_1_166' title='bbox 194 2078 351 2138; x_wconf 88' lang='lat' dir='ltr'>libus</span> <span class='ocrx_word' id='word_1_167' title='bbox 383 2078 660 2136; x_wconf 90' lang='lat' dir='ltr'>consultis</span> <span class='ocrx_word' id='word_1_168' title='bbox 695 2088 1019 2156; x_wconf 88' lang='lat' dir='ltr'>peccatum.</span> <span class='ocrx_word' id='word_1_169' title='bbox 1085 2075 1180 2136; x_wconf 85' lang='lat' dir='ltr'>vel</span> <span class='ocrx_word' id='word_1_170' title='bbox 1228 2077 1278 2135; x_wconf 92' lang='lat' dir='ltr'>si</span> <span class='ocrx_word' id='word_1_171' title='bbox 1318 2075 1452 2133; x_wconf 86' lang='lat' dir='ltr'>vilis</span> <span class='ocrx_word' id='word_1_172' title='bbox 1496 2076 1609 2152; x_wconf 88' lang='lat' dir='ltr'>ipsi</span> <span class='ocrx_word' id='word_1_173' title='bbox 1654 2074 1845 2148; x_wconf 89' lang='lat' dir='ltr'>salus,</span> <span class='ocrx_word' id='word_1_174' title='bbox 1890 2091 1992 2132; x_wconf 90' lang='lat' dir='ltr'>cur</span> <span class='ocrx_word' id='word_1_175' title='bbox 2028 2072 2199 2132; x_wconf 80' lang='lat' dir='ltr'>lilium</span> <span class='ocrx_word' id='word_1_176' title='bbox 2296 2126 2307 2137; x_wconf 76' lang='lat'>,</span> 
     </span>
     <span class='ocr_line' id='line_1_23' title="bbox 195 2155 2252 2238; baseline -0.002 -19"><span class='ocrx_word' id='word_1_177' title='bbox 195 2161 525 2238; x_wconf 85' lang='lat' dir='ltr'>parvulum,</span> <span class='ocrx_word' id='word_1_178' title='bbox 559 2178 660 2218; x_wconf 90' lang='lat' dir='ltr'>cur</span> <span class='ocrx_word' id='word_1_179' title='bbox 687 2162 984 2236; x_wconf 86' lang='lat' dir='ltr'>gravidam</span> <span class='ocrx_word' id='word_1_180' title='bbox 1013 2161 1320 2235; x_wconf 88' lang='lat' dir='ltr'>coniugem</span> <span class='ocrx_word' id='word_1_181' title='bbox 1348 2156 1497 2217; x_wconf 78' lang='lat' dir='ltr'>inter</span> <span class='ocrx_word' id='word_1_182' title='bbox 1528 2158 1785 2218; x_wconf 80' lang='lat' dir='ltr'>furentes</span> <span class='ocrx_word' id='word_1_183' title='bbox 1812 2166 1871 2216; x_wconf 90' lang='lat' dir='ltr'>et</span> <span class='ocrx_word' id='word_1_184' title='bbox 1896 2158 2075 2217; x_wconf 86' lang='lat' dir='ltr'>omnis</span> <span class='ocrx_word' id='word_1_185' title='bbox 2102 2155 2199 2216; x_wconf 89' lang='lat' dir='ltr'>hu·</span> <span class='ocrx_word' id='word_1_186' title='bbox 2226 2165 2252 2205; x_wconf 81' lang='lat'>⁵</span> 
     </span>
     <span class='ocr_line' id='line_1_24' title="bbox 197 2238 2201 2321; baseline -0 -21"><span class='ocrx_word' id='word_1_187' title='bbox 197 2243 355 2300; x_wconf 89' lang='lat' dir='ltr'>mani</span> <span class='ocrx_word' id='word_1_188' title='bbox 387 2242 522 2298; x_wconf 90' lang='lat' dir='ltr'>iuris</span> <span class='ocrx_word' id='word_1_189' title='bbox 556 2242 874 2301; x_wconf 84' lang='lat' dir='ltr'>violatores</span> <span class='ocrx_word' id='word_1_190' title='bbox 904 2238 1189 2301; x_wconf 78' lang='lat' dir='ltr'>haberet?</span> <span class='ocrx_word' id='word_1_191' title='bbox 1219 2242 1355 2301; x_wconf 92' lang='lat' dir='ltr'>illos</span> <span class='ocrx_word' id='word_1_192' title='bbox 1387 2242 1591 2301; x_wconf 90' lang='lat' dir='ltr'>saltem</span> <span class='ocrx_word' id='word_1_193' title='bbox 1622 2260 1732 2302; x_wconf 82' lang='lat' dir='ltr'>avo</span> <span class='ocrx_word' id='word_1_194' title='bbox 1768 2249 1840 2301; x_wconf 66' lang='lat' dir='ltr'>&#39;et</span> <span class='ocrx_word' id='word_1_195' title='bbox 1880 2242 1968 2302; x_wconf 84' lang='lat' dir='ltr'>rei</span> <span class='ocrx_word' id='word_1_196' title='bbox 2016 2240 2201 2321; x_wconf 90' lang='lat' dir='ltr'>publi-</span> 
     </span>
     <span class='ocr_line' id='line_1_25' title="bbox 200 2322 2202 2403; baseline -0.001 -18"><span class='ocrx_word' id='word_1_197' title='bbox 200 2340 315 2385; x_wconf 88' lang='lat' dir='ltr'>cae</span> <span class='ocrx_word' id='word_1_198' title='bbox 360 2322 648 2381; x_wconf 89' lang='lat' dir='ltr'>redderet.</span> <span class='ocrx_word' id='word_1_199' title='bbox 724 2326 815 2383; x_wconf 86' lang='lat' dir='ltr'>diu</span> <span class='ocrx_word' id='word_1_200' title='bbox 859 2334 1158 2385; x_wconf 88' lang='lat' dir='ltr'>cunctatus</span> <span class='ocrx_word' id='word_1_201' title='bbox 1203 2335 1605 2403; x_wconf 89' lang='lat' dir='ltr'>aspernantem</span> <span class='ocrx_word' id='word_1_202' title='bbox 1648 2344 1921 2401; x_wconf 86' lang='lat' dir='ltr'>uxorem,</span> <span class='ocrx_word' id='word_1_203' title='bbox 1970 2345 2095 2386; x_wconf 91' lang='lat' dir='ltr'>cum</span> <span class='ocrx_word' id='word_1_204' title='bbox 2136 2343 2202 2383; x_wconf 89' lang='lat' dir='ltr'>se</span> 
     </span>
     <span class='ocr_line' id='line_1_26' title="bbox 155 2404 2201 2491; baseline -0.001 -23"><span class='ocrx_word' id='word_1_205' title='bbox 155 2477 169 2491; x_wconf 32' lang='grc'><em>1</em></span> <span class='ocrx_word' id='word_1_206' title='bbox 197 2409 342 2468; x_wconf 86' lang='lat' dir='ltr'>divo</span> <span class='ocrx_word' id='word_1_207' title='bbox 377 2404 641 2481; x_wconf 85' lang='lat' dir='ltr'>Augusto</span> <span class='ocrx_word' id='word_1_208' title='bbox 677 2417 858 2467; x_wconf 85' lang='lat' dir='ltr'>ortam</span> <span class='ocrx_word' id='word_1_209' title='bbox 891 2426 1080 2486; x_wconf 89' lang='lat' dir='ltr'>neque</span> <span class='ocrx_word' id='word_1_210' title='bbox 1115 2408 1465 2483; x_wconf 89' lang='lat' dir='ltr'>degenerem</span> <span class='ocrx_word' id='word_1_211' title='bbox 1490 2411 1560 2469; x_wconf 89' lang='lat' dir='ltr'>ad</span> <span class='ocrx_word' id='word_1_212' title='bbox 1588 2410 1848 2487; x_wconf 88' lang='lat' dir='ltr'>pericula</span> <span class='ocrx_word' id='word_1_213' title='bbox 1870 2418 2201 2481; x_wconf 82' lang='lat' dir='ltr'>testaretur,</span> 
     </span>
     <span class='ocr_line' id='line_1_27' title="bbox 199 2489 2203 2571; baseline -0.001 -21"><span class='ocrx_word' id='word_1_214' title='bbox 199 2500 507 2571; x_wconf 87' lang='lat' dir='ltr'>postremo</span> <span class='ocrx_word' id='word_1_215' title='bbox 542 2496 764 2549; x_wconf 83' lang='lat' dir='ltr'>uterum</span> <span class='ocrx_word' id='word_1_216' title='bbox 793 2492 917 2550; x_wconf 90' lang='lat' dir='ltr'>eius</span> <span class='ocrx_word' id='word_1_217' title='bbox 950 2500 1009 2551; x_wconf 91' lang='lat' dir='ltr'>et</span> <span class='ocrx_word' id='word_1_218' title='bbox 1054 2509 1408 2550; x_wconf 87' lang='lat' dir='ltr'>communem</span> <span class='ocrx_word' id='word_1_219' title='bbox 1452 2492 1628 2550; x_wconf 83' lang='lat' dir='ltr'>filium</span> <span class='ocrx_word' id='word_1_220' title='bbox 1673 2490 1851 2549; x_wconf 91' lang='lat' dir='ltr'>multo</span> <span class='ocrx_word' id='word_1_221' title='bbox 1897 2508 2022 2550; x_wconf 88' lang='lat' dir='ltr'>cum</span> <span class='ocrx_word' id='word_1_222' title='bbox 2068 2489 2203 2549; x_wconf 87' lang='lat' dir='ltr'>fletu</span> 
     </span>
     <span class='ocr_line' id='line_1_28' title="bbox 200 2572 2275 2653; baseline -0.002 -18"><span class='ocrx_word' id='word_1_223' title='bbox 200 2572 572 2650; x_wconf 87' lang='lat' dir='ltr'>complexus,</span> <span class='ocrx_word' id='word_1_224' title='bbox 604 2580 666 2629; x_wconf 91' lang='lat' dir='ltr'>ut</span> <span class='ocrx_word' id='word_1_225' title='bbox 697 2572 881 2631; x_wconf 88' lang='lat' dir='ltr'>abiret</span> <span class='ocrx_word' id='word_1_226' title='bbox 913 2576 1186 2653; x_wconf 86' lang='lat' dir='ltr'>perpulit.</span> <span class='ocrx_word' id='word_1_227' title='bbox 1262 2574 1570 2633; x_wconf 87' lang='lat' dir='ltr'>incedebat</span> <span class='ocrx_word' id='word_1_228' title='bbox 1608 2572 1889 2633; x_wconf 89' lang='lat' dir='ltr'>muliebre</span> <span class='ocrx_word' id='word_1_229' title='bbox 1932 2583 1991 2632; x_wconf 88' lang='lat' dir='ltr'>et</span> <span class='ocrx_word' id='word_1_230' title='bbox 2033 2575 2201 2632; x_wconf 89' lang='lat' dir='ltr'>mise·</span> <span class='ocrx_word' id='word_1_231' title='bbox 2222 2583 2275 2623; x_wconf 88' lang='lat'>1⁰</span> 
     </span>
     <span class='ocr_line' id='line_1_29' title="bbox 199 2655 2203 2734; baseline -0.002 -16"><span class='ocrx_word' id='word_1_232' title='bbox 199 2657 389 2719; x_wconf 90' lang='lat' dir='ltr'>rabile</span> <span class='ocrx_word' id='word_1_233' title='bbox 423 2672 651 2732; x_wconf 90' lang='lat' dir='ltr'>agmen,</span> <span class='ocrx_word' id='word_1_234' title='bbox 685 2655 932 2733; x_wconf 78' lang='lat' dir='ltr'>profuga</span> <span class='ocrx_word' id='word_1_235' title='bbox 965 2657 1124 2717; x_wconf 89' lang='lat' dir='ltr'>ducis</span> <span class='ocrx_word' id='word_1_236' title='bbox 1157 2676 1339 2732; x_wconf 85' lang='lat' dir='ltr'>uxor,</span> <span class='ocrx_word' id='word_1_237' title='bbox 1387 2657 1685 2734; x_wconf 83' lang='lat' dir='ltr'>parvulum</span> <span class='ocrx_word' id='word_1_238' title='bbox 1723 2657 1849 2715; x_wconf 87' lang='lat' dir='ltr'>sinu</span> <span class='ocrx_word' id='word_1_239' title='bbox 1894 2656 2067 2715; x_wconf 89' lang='lat' dir='ltr'>filium</span> <span class='ocrx_word' id='word_1_240' title='bbox 2102 2675 2203 2733; x_wconf 91' lang='lat' dir='ltr'>ge-</span> 
     </span>
     <span class='ocr_line' id='line_1_30' title="bbox 200 2740 2204 2819; baseline -0.001 -18"><span class='ocrx_word' id='word_1_241' title='bbox 200 2752 363 2816; x_wconf 75' lang='lat' dir='ltr'>renS,</span> <span class='ocrx_word' id='word_1_242' title='bbox 396 2740 776 2799; x_wconf 87' lang='lat' dir='ltr'>lamentantes</span> <span class='ocrx_word' id='word_1_243' title='bbox 808 2741 1023 2799; x_wconf 88' lang='lat' dir='ltr'>circum</span> <span class='ocrx_word' id='word_1_244' title='bbox 1056 2742 1366 2800; x_wconf 90' lang='lat' dir='ltr'>amicorum</span> <span class='ocrx_word' id='word_1_245' title='bbox 1394 2741 1697 2817; x_wconf 70' lang='lat' dir='ltr'>coniugeS,</span> <span class='ocrx_word' id='word_1_246' title='bbox 1733 2755 1880 2819; x_wconf 86' lang='lat' dir='ltr'>quae</span> <span class='ocrx_word' id='word_1_247' title='bbox 1906 2740 2071 2799; x_wconf 90' lang='lat' dir='ltr'>simul</span> <span class='ocrx_word' id='word_1_248' title='bbox 2093 2748 2204 2799; x_wconf 87' lang='lat' dir='ltr'>tra-</span> 
     </span>
     <span class='ocr_line' id='line_1_31' title="bbox 199 2822 1571 2902; baseline -0.002 -17"><span class='ocrx_word' id='word_1_249' title='bbox 199 2824 509 2897; x_wconf 87' lang='lat' dir='ltr'>hebantur,</span> <span class='ocrx_word' id='word_1_250' title='bbox 544 2840 655 2881; x_wconf 90' lang='lat' dir='ltr'>nec</span> <span class='ocrx_word' id='word_1_251' title='bbox 682 2823 865 2881; x_wconf 84' lang='lat' dir='ltr'>minus</span> <span class='ocrx_word' id='word_1_252' title='bbox 894 2826 1089 2883; x_wconf 87' lang='lat' dir='ltr'>tristes</span> <span class='ocrx_word' id='word_1_253' title='bbox 1122 2826 1218 2902; x_wconf 89' lang='lat' dir='ltr'>qui</span> <span class='ocrx_word' id='word_1_254' title='bbox 1250 2822 1571 2885; x_wconf 88' lang='lat' dir='ltr'>manebant.</span> 
     </span>
    </p>

    <p class='ocr_par' dir='ltr' id='par_1_6' title="bbox 203 2904 2323 3573">
     <span class='ocr_line' id='line_1_32' title="bbox 333 2904 2209 2987; baseline -0.002 -20"><span class='ocrx_word' id='word_1_255' title='bbox 333 2910 432 2967; x_wconf 90' lang='lat'>41.</span> <span class='ocrx_word' id='word_1_256' title='bbox 475 2906 604 2965; x_wconf 93' lang='lat' dir='ltr'>Non</span> <span class='ocrx_word' id='word_1_257' title='bbox 633 2906 893 2966; x_wconf 84' lang='lat' dir='ltr'>florentis</span> <span class='ocrx_word' id='word_1_258' title='bbox 930 2904 1199 2966; x_wconf 88' lang='lat' dir='ltr'>Caesaris</span> <span class='ocrx_word' id='word_1_259' title='bbox 1231 2925 1421 2987; x_wconf 88' lang='lat' dir='ltr'>neque</span> <span class='ocrx_word' id='word_1_260' title='bbox 1446 2904 1563 2967; x_wconf 86' lang='lat' dir='ltr'>suis</span> <span class='ocrx_word' id='word_1_261' title='bbox 1595 2909 1651 2968; x_wconf 88' lang='lat' dir='ltr'>in</span> <span class='ocrx_word' id='word_1_262' title='bbox 1678 2908 1903 2983; x_wconf 88' lang='lat' dir='ltr'>castris,</span> <span class='ocrx_word' id='word_1_263' title='bbox 1936 2909 2027 2966; x_wconf 83' lang='lat' dir='ltr'>set</span> <span class='ocrx_word' id='word_1_264' title='bbox 2048 2906 2209 2965; x_wconf 84' lang='lat' dir='ltr'>velut</span> 
     </span>
     <span class='ocr_line' id='line_1_33' title="bbox 203 2988 2209 3070; baseline -0.002 -19"><span class='ocrx_word' id='word_1_265' title='bbox 203 2996 262 3051; x_wconf 90' lang='lat' dir='ltr'>in</span> <span class='ocrx_word' id='word_1_266' title='bbox 304 2992 447 3065; x_wconf 87' lang='lat' dir='ltr'>urbe</span> <span class='ocrx_word' id='word_1_267' title='bbox 494 2991 646 3049; x_wconf 84' lang='lat' dir='ltr'>victa</span> <span class='ocrx_word' id='word_1_268' title='bbox 688 2990 872 3049; x_wconf 84' lang='lat' dir='ltr'>facies</span> <span class='ocrx_word' id='word_1_269' title='bbox 915 2992 1279 3068; x_wconf 88' lang='lat' dir='ltr'>gemitusque</span> <span class='ocrx_word' id='word_1_270' title='bbox 1318 3009 1386 3051; x_wconf 87' lang='lat' dir='ltr'>ac</span> <span class='ocrx_word' id='word_1_271' title='bbox 1440 2992 1705 3070; x_wconf 89' lang='lat' dir='ltr'>planctus</span> <span class='ocrx_word' id='word_1_272' title='bbox 1752 2993 1923 3051; x_wconf 89' lang='lat' dir='ltr'>etiam</span> <span class='ocrx_word' id='word_1_273' title='bbox 1973 2988 2209 3049; x_wconf 88' lang='lat' dir='ltr'>militum</span> 
     </span>
     <span class='ocr_line' id='line_1_34' title="bbox 206 3072 2208 3153; baseline -0.002 -18"><span class='ocrx_word' id='word_1_274' title='bbox 206 3094 380 3135; x_wconf 90' lang='lat' dir='ltr'>aures</span> <span class='ocrx_word' id='word_1_275' title='bbox 412 3091 632 3153; x_wconf 87' lang='lat' dir='ltr'>oraque</span> <span class='ocrx_word' id='word_1_276' title='bbox 657 3074 997 3134; x_wconf 87' lang='lat' dir='ltr'>advertere:</span> <span class='ocrx_word' id='word_1_277' title='bbox 1021 3075 1469 3153; x_wconf 84' lang='lat' dir='ltr'>progrediuntur</span> <span class='ocrx_word' id='word_1_278' title='bbox 1504 3076 1917 3136; x_wconf 78' lang='lat' dir='ltr'>contuberniis,</span> <span class='ocrx_word' id='word_1_279' title='bbox 1958 3072 2083 3151; x_wconf 90' lang='lat' dir='ltr'>quis</span> <span class='ocrx_word' id='word_1_280' title='bbox 2108 3072 2208 3132; x_wconf 89' lang='lat' dir='ltr'>ille</span> 
     </span>
     <span class='ocr_line' id='line_1_35' title="bbox 205 3152 2208 3237; baseline -0.001 -19"><span class='ocrx_word' id='word_1_281' title='bbox 205 3158 421 3218; x_wconf 84' lang='lat' dir='ltr'>flebilis</span> <span class='ocrx_word' id='word_1_282' title='bbox 451 3152 672 3218; x_wconf 79' lang='lat' dir='ltr'>sonus?</span> <span class='ocrx_word' id='word_1_283' title='bbox 737 3158 889 3237; x_wconf 86' lang='lat' dir='ltr'>quod</span> <span class='ocrx_word' id='word_1_284' title='bbox 925 3168 1040 3218; x_wconf 88' lang='lat' dir='ltr'>tam</span> <span class='ocrx_word' id='word_1_285' title='bbox 1071 3156 1281 3221; x_wconf 82' lang='lat' dir='ltr'>triste?</span> <span class='ocrx_word' id='word_1_286' title='bbox 1312 3158 1551 3219; x_wconf 80' lang='lat' dir='ltr'>feminas</span> <span class='ocrx_word' id='word_1_287' title='bbox 1580 3161 1890 3233; x_wconf 86' lang='lat' dir='ltr'>inlustres,</span> <span class='ocrx_word' id='word_1_288' title='bbox 1925 3175 2039 3216; x_wconf 91' lang='lat' dir='ltr'>non</span> <span class='ocrx_word' id='word_1_289' title='bbox 2078 3174 2208 3216; x_wconf 90' lang='lat' dir='ltr'>cen·</span> 
     </span>
     <span class='ocr_line' id='line_1_36' title="bbox 207 3240 2256 3322; baseline -0.002 -21"><span class='ocrx_word' id='word_1_290' title='bbox 207 3244 491 3301; x_wconf 90' lang='lat' dir='ltr'>turionem</span> <span class='ocrx_word' id='word_1_291' title='bbox 519 3242 884 3319; x_wconf 56' lang='lat' dir='ltr'>adiutelam,</span> <span class='ocrx_word' id='word_1_292' title='bbox 919 3259 1033 3302; x_wconf 88' lang='lat' dir='ltr'>non</span> <span class='ocrx_word' id='word_1_293' title='bbox 1062 3240 1333 3312; x_wconf 84' lang='lat' dir='ltr'>militem,</span> <span class='ocrx_word' id='word_1_294' title='bbox 1376 3242 1513 3301; x_wconf 88' lang='lat' dir='ltr'>nihil</span> <span class='ocrx_word' id='word_1_295' title='bbox 1556 3244 1979 3322; x_wconf 86' lang='lat' dir='ltr'>imperatoriae¹</span> <span class='ocrx_word' id='word_1_296' title='bbox 2006 3241 2203 3300; x_wconf 84' lang='lat' dir='ltr'>uxoris</span> <span class='ocrx_word' id='word_1_297' title='bbox 2228 3256 2256 3295; x_wconf 85' lang='lat'><strong>5</strong></span> 
     </span>
     <span class='ocr_line' id='line_1_37' title="bbox 209 3320 2259 3406; baseline -0.001 -21"><span class='ocrx_word' id='word_1_298' title='bbox 209 3334 305 3385; x_wconf 90' lang='lat' dir='ltr'>aut</span> <span class='ocrx_word' id='word_1_299' title='bbox 335 3320 652 3385; x_wconf 49' lang='lat' dir='ltr'>comitatus</span> <span class='ocrx_word' id='word_1_300' title='bbox 668 3326 858 3391; x_wconf 85' lang='lat' dir='ltr'>soliti:</span> <span class='ocrx_word' id='word_1_301' title='bbox 908 3324 1163 3406; x_wconf 73' lang='lat' dir='ltr'>perg’ere</span> <span class='ocrx_word' id='word_1_302' title='bbox 1207 3326 1280 3386; x_wconf 88' lang='lat' dir='ltr'>ad</span> <span class='ocrx_word' id='word_1_303' title='bbox 1307 3324 1603 3397; x_wconf 81' lang='lat' dir='ltr'>Treveros</span> <span class='ocrx_word' id='word_1_304' title='bbox 1636 3336 1693 3385; x_wconf 88' lang='lat' dir='ltr'>et</span> <span class='ocrx_word' id='word_1_305' title='bbox 1724 3334 2000 3385; x_wconf 85' lang='lat' dir='ltr'>externae</span> <span class='ocrx_word' id='word_1_306' title='bbox 2050 3322 2200 3385; x_wconf 82' lang='lat' dir='ltr'>fidei.</span> <span class='ocrx_word' id='word_1_307' title='bbox 2249 3346 2259 3361; x_wconf 67' lang='lat'><strong><em>¹</em></strong></span> 
     </span>
     <span class='ocr_line' id='line_1_38' title="bbox 213 3407 2206 3489; baseline -0.001 -21"><span class='ocrx_word' id='word_1_308' title='bbox 213 3410 396 3487; x_wconf 91' lang='lat' dir='ltr'>pudor</span> <span class='ocrx_word' id='word_1_309' title='bbox 425 3407 558 3469; x_wconf 90' lang='lat' dir='ltr'>inde</span> <span class='ocrx_word' id='word_1_310' title='bbox 591 3418 649 3467; x_wconf 84' lang='lat' dir='ltr'>et</span> <span class='ocrx_word' id='word_1_311' title='bbox 679 3412 967 3469; x_wconf 87' lang='lat' dir='ltr'>miseratio</span> <span class='ocrx_word' id='word_1_312' title='bbox 997 3419 1054 3469; x_wconf 89' lang='lat' dir='ltr'>et</span> <span class='ocrx_word' id='word_1_313' title='bbox 1098 3411 1279 3489; x_wconf 87' lang='lat' dir='ltr'>patris</span> <span class='ocrx_word' id='word_1_314' title='bbox 1308 3408 1642 3488; x_wconf 84' lang='lat' dir='ltr'>Agrippae,</span> <span class='ocrx_word' id='word_1_315' title='bbox 1687 3409 1932 3487; x_wconf 83' lang='lat' dir='ltr'>Augusti</span> <span class='ocrx_word' id='word_1_316' title='bbox 1963 3411 2053 3469; x_wconf 86' lang='lat' dir='ltr'>avi</span> <span class='ocrx_word' id='word_1_317' title='bbox 2087 3427 2206 3468; x_wconf 89' lang='lat' dir='ltr'>me-</span> 
     </span>
     <span class='ocr_line' id='line_1_39' title="bbox 211 3492 2323 3573; baseline -0.001 -22"><span class='ocrx_word' id='word_1_318' title='bbox 211 3494 412 3572; x_wconf 89' lang='lat' dir='ltr'>moria,</span> <span class='ocrx_word' id='word_1_319' title='bbox 450 3508 624 3552; x_wconf 89' lang='lat' dir='ltr'>socer</span> <span class='ocrx_word' id='word_1_320' title='bbox 656 3492 899 3570; x_wconf 90' lang='lat' dir='ltr'>Drusus,</span> <span class='ocrx_word' id='word_1_321' title='bbox 931 3496 1059 3573; x_wconf 90' lang='lat' dir='ltr'>ipsa</span> <span class='ocrx_word' id='word_1_322' title='bbox 1092 3496 1299 3570; x_wconf 86' lang='lat' dir='ltr'>insigni</span> <span class='ocrx_word' id='word_1_323' title='bbox 1334 3493 1723 3570; x_wconf 78' lang='lat' dir='ltr'>fecunditate,</span> <span class='ocrx_word' id='word_1_324' title='bbox 1762 3494 2064 3573; x_wconf 88' lang='lat' dir='ltr'>praeclara</span> <span class='ocrx_word' id='word_1_325' title='bbox 2104 3510 2207 3571; x_wconf 89' lang='lat' dir='ltr'>pu·</span> <span class='ocrx_word' id='word_1_326' title='bbox 2313 3527 2323 3537; x_wconf 90' lang='lat'><strong>·</strong></span> 
     </span>
    </p>
   </div>
   <div class='ocr_carea' id='block_1_5' title="bbox 1584 3770 1613 3799">
    <p class='ocr_par' dir='ltr' id='par_1_7' title="bbox 1584 3770 1613 3799">
     <span class='ocr_line' id='line_1_40' title="bbox 1584 3770 1613 3799; baseline 0 0"><span class='ocrx_word' id='word_1_327' title='bbox 1584 3770 1613 3799; x_wconf 77' lang='lat' dir='ltr'><em>s</em></span> 
     </span>
    </p>
   </div>
  </div>
 </body>
</html>
