2475 4000
742 209 950 257 LIBER
993 212 1108 260 xv·
1158 209 1306 261 OAP.
1342 213 1537 266 1-6,
1701 271 1706 276 ,
2007 205 2137 272 285

262 366 329 424 4.
377 365 463 425 Ea
498 364 629 423 dum
666 381 700 422 a
748 361 1081 424 Corbulone
1122 366 1368 432 tuendae
1409 367 1610 428 Suriae
1656 379 1958 448 parantur,
2007 382 2138 435 acto

136 451 353 528 raptim
382 450 609 526 agmine
634 447 947 522 Moneses‚
978 456 1036 506 ut
1070 449 1277 509 famam
1303 453 1390 515 sui
1420 455 1704 530 praeiret,
1734 471 1850 513 non
1881 455 2014 516 ideo
2041 475 2138 516 ne-

136 535 325 592 scium
370 542 465 592 aut
518 534 803 592 incautum
844 530 1137 607 Tigranen
1176 530 1430 594 offendit.
1503 548 1896 615 occupaverat
1940 539 2138 616 Tigra-

136 626 477 693 nocertam,
522 616 721 676 urbem
754 616 925 693 copia
954 615 1325 676 defensorum
1355 627 1412 676 et
1435 614 1820 696 magnitudine
1852 627 2140 686 moenium

33 759 35 774 ξ
136 701 405 762 validam.
464 701 536 761 ad
562 700 673 760 hoc
699 699 1085 777 Nicephorius
1112 702 1292 762 amnis
1313 701 1462 762 haud
1489 705 1812 783 spernenda
1841 706 2136 768 latitudine
2161 732 2186 771 5

138 793 365 864 partem
394 802 682 845 murorum
711 784 883 844 ambit
912 791 972 842 et
1000 783 1168 862 ducta
1204 785 1412 862 ingens
1453 787 1640 865 fossa,
1681 807 1792 868 qua
1823 789 1997 852 fluvio
2033 791 2161 851 dif-.

136 869 446 930 fidebatur.
497 872 833 946 inerantque
863 867 1071 928 milites
1103 878 1161 928 et
1191 871 1413 948 provisi
1443 880 1572 936 ante
1598 883 1964 950 commeatus,
1997 883 2154 954 quo»

136 972 257 1013 rum
288 952 778 1032 subvectu'pauci
822 952 1043 1013 avidius
1086 955 1389 1030 progressi
1424 964 1479 1015 et
1521 961 1832 1037 repentinis
1873 959 2137 1020 hostibus

138 1039 519 1098 circumventi
545 1039 640 1096 'ira
678 1037 863 1114 magis
908 1053 1075 1113 quam
1111 1047 1266 1097 metu
1301 1047 1530 1100 ceteros
1571 1041 1972 1102 accenderant.
2034 1042 2138 1102 sed

33 1105 35 1184 ζ
134 1121 353 1183 Partho
386 1122 459 1182 ad
501 1121 903 1199 exsequendas
943 1119 1282 1180 obsidiones
1323 1123 1473 1183 nulla
1522 1129 1832 1188 comminus
1863 1125 2208 1188 audacia:1o

136 1209 283 1266 raris
345 1208 573 1284 sagittis
624 1223 815 1284 neque
878 1204 1109 1265 clausos
1161 1215 1418 1266 exterret
1476 1217 1532 1267 et
1583 1221 1762 1275 semet
1812 1211 2134 1272 frustratur.

134 1291 430 1351 Adiabeni
464 1309 591 1350 cum
621 1307 969 1370 promovere
1000 1291 1189 1351 scalas
1223 1301 1282 1350 et
1321 1291 1766 1354 machinamenta
1793 1297 2137 1374 inciperent,

136 1375 313 1436 facile
346 1374 593 1451 detrusi,
628 1391 767 1433 mox
801 1375 1230 1452 erumpentibus
1261 1377 1472 1436 nostris
1506 1375 1832 1440 caeduntur.
1912 1437 1922 1446 ,
2041 1370 2048 1378 ’

260 1461 326 1518 5.
372 1457 629 1518 Corbulo
663 1467 883 1534 tamen,
931 1461 1190 1536 quamvis
1222 1459 1492 1520 secundis
1533 1460 1707 1520 rebus
1743 1465 1895 1540 suis,
1942 1463 2136 1524 mode-

33 1559 35 1580 *
138 1543 380 1604 randum
410 1543 679 1603 fortunae
707 1551 868 1603 ratus·
901 1543 1053 1602 misit
1095 1542 1165 1604 ad
1193 1545 1538 1622 Vologesen
1571 1547 1666 1624 qui
1701 1548 2136 1626 expostularent

138 1630 249 1688 vim
288 1629 637 1708 provinciae
668 1627 926 1686 inlatam:
961 1629 1181 1688 socium
1210 1631 1569 1708 amicumque
1601 1648 1832 1707 regem,
1865 1631 2136 1693 cohortes

136 1713 432 1772 Romanas
465 1709 874 1771 circumsideri.
934 1713 1235 1772 'omitteret
1277 1716 1466 1792 potius
1507 1713 1898 1791 obsidionem,
1943 1726 2037 1777 aut
2071 1734 2137 1776 se

139 1815 375 1874 quoque
410 1797 467 1854 in
498 1813 644 1872 agro
676 1795 873 1854 hostili
904 1805 1095 1857 castra
1124 1798 1457 1875 positurum.
1525 1796 1842 1876 Casperius
1879 1802 2134 1864 centurio
2161 1818 2185 1858 ⁵

138 1883 191 1939 in
224 1899 359 1940 eam
390 1879 739 1956 legationem
770 1879 1032 1948 delectus
1061 1881 1213 1958 apud
1244 1881 1516 1960 oppidum
1538 1880 1796 1957 Nisibin,
1829 1893 2050 1961 septem
2082 1894 2140 1944 et

138 1967 378 2043 triginta
400 1963 629 2025 milibus
652 1981 921 2044 passuum
942 1982 975 2025 a
994 1963 1414 2041 Tigranocerta
1437 1963 1760 2043 distantem,
1782 1965 1916 2025 adiit
1940 1985 2142 2043 regem

140 2059 195 2108 et
214 2050 487 2110 mandata
513 2048 797 2108 ferociter
828 2048 1020 2108 edidit.
1067 2050 1356 2125 Vologesi
1379 2057 1548 2107 vetus
1577 2058 1634 2107 et
1659 2052 1884 2126 penitus
1912 2052 2140 2117 infixum

141 2144 265 2194 erat
300 2151 456 2193 arma
482 2132 741 2193 Romana
776 2132 1021 2208 vitandi,
1052 2150 1162 2191 nec
1194 2134 1522 2211 praesentia
1554 2149 1840 2211 prospere
1871 2133 2136 2198 fluebant.

139 2219 371 2279 inritum
399 2216 714 2293 obsidium,
754 2226 907 2277 tutus
946 2234 1113 2278 manu
1144 2227 1203 2276 et
1247 2218 1434 2295 copiis
1464 2217 1780 2294 TigraneS,
1829 2218 2009 2295 fugati
2045 2221 2210 2297 quim

140 2302 632 2383 expugnationem
662 2310 1054 2379 sumpserant,
1085 2303 1296 2361 missae
1325 2302 1382 2359 in
1405 2301 1735 2364 Armeniam
1767 2302 2052 2379 legiones,
2085 2312 2147 2363 et

138 2387 294 2447 aliae
327 2404 435 2463 pro
466 2386 627 2445 Suria
660 2394 896 2464 paratae
924 2384 1075 2445 ultro
1107 2387 1460 2465 inrumpere;
1495 2385 1601 2448 sibi
1631 2385 1962 2447 inbecillum
1987 2390 2142 2467 equi-

138 2480 255 2529 tem
280 2468 475 2549 pabuli
505 2471 731 2549 inopia:
769 2486 897 2529 nam
919 2479 1122 2530 exorta
1145 2472 1233 2530 vis
1256 2471 1606 2532 locustarum
1629 2470 1962 2531 ambederat
1987 2472 2143 2549 quid-

140 2554 278 2633 quid
306 2552 602 2613 herbidum
637 2564 731 2613 aut
769 2553 1127 2615 frondosum.
1202 2556 1376 2631 igitur
1409 2564 1562 2614 metu
1606 2554 1875 2614 abstruso
1919 2556 2146 2615 mitiora

138 2638 495 2716 obtendens,
524 2633 825 2698 missurum
850 2638 922 2699 ad
944 2640 1353 2718 imperatorem
1373 2640 1689 2699 Romanum
1711 2638 1938 2715 legatos
1964 2656 2142 2717 super
2168 2652 2212 2692 ¹⁵

138 2722 395 2801 petenda
418 2723 691 2783 Armenia
714 2730 774 2781 et
802 2722 1072 2785 firmanda
1103 2739 1250 2803 pace
1281 2722 1618 2802 respondet.
1669 2722 1950 2784 Monesen
1982 2725 2142 2784 omit·

136 2815 269 2867 tere
300 2806 777 2883 Tigranocertam
805 2807 998 2884 iubet,
1031 2810 1161 2885 ipse
1190 2817 1348 2866 retro
1389 2806 1678 2867 concedit.

270 2890 328 2951 6.
371 2890 533 2951 Haec
582 2891 881 2971 pluresnt
926 2890 1231 2951 formidine
1279 2894 1437 2968 regis
1486 2900 1542 2951 et
1583 2888 1933 2951 Corbulonis
1979 2892 2166 2949 minis»

140 2984 369 3055 patrata
398 2994 467 3036 ac
493 2976 795 3053 magnifica
826 2974 1213 3035 extollebant:
1251 2976 1358 3035 alii·
1378 2976 1606 3039 occulte
1640 2976 1940 3054 pepigisse
1970 2976 2143 3034 inter-

138 3058 550 3137 pretabantur,
597 3060 911 3135 atomisso
954 3061 1235 3137 utrimque
1263 3058 1421 3119 bello
1459 3068 1516 3119 et
1559 3058 1806 3119 abeunte
1837 3059 2145 3137 Vologese

141 3144 427 3220 Tigrane-s
473 3162 704 3223 quoque
736 3142 1009 3203 Armenia
1058 3141 1427 3204 abscederet.
1495 3158 1596 3203 cur
1643 3144 1792 3203 enim
1827 3144 2145 3203 exercitum

141 3228 459 3289 Romanum
488 3247 521 3289 a
558 3225 993 3305 Tigranocertis
1024 3226 1378 3288 deductum?
1423 3246 1526 3288 cur
1571 3226 1804 3287 deserta
1833 3246 1942 3307 per
1973 3228 2145 3287 otium
2167 3249 2192 3289 5

144 3330 291 3389 quae
323 3311 483 3371 bello
528 3308 947 3373 defenderant?
998 3329 1082 3387 anx
1109 3312 1322 3372 melius·
1349 3312 1750 3373 hibernavisse
1791 3312 1848 3371 in
1889 3321 2144 3371 extrema

144 3392 556 3475 Cappadocia,
620 3400 825 3474 raptim
868 3398 1081 3456 erectis
1122 3398 1393 3473 tuguriis,
1451 3416 1620 3476 quam
1673 3397 1731 3455 in
1786 3397 1926 3457 sede
1977 3398 2149 3473 regni

144 3480 311 3563 modo
360 3478 614 3541 retenti?
668 3481 841 3545 dilata
886 3498 1125 3561 prorsus
1174 3500 1362 3559 arma,
1408 3491 1466 3542 ut
1502 3482 1843 3558 Vologeses
1872 3500 1998 3543 cum
2027 3480 2142 3541 alio
2209 3528 2226 3543 .
