2475 4000
285 258 292 267 ·
380 186 470 245 46
869 192 1198 240 connunn
1244 188 1477 238 nom
1515 188 1879 235 nmmum

383 358 532 409 stant
575 346 910 407 cedentibus
922 344 1389 422 mcollectosque
1372 362 1429 403 ιιι
1458 342 1659 404 orbem
1692 359 1827 420 pars
1862 343 2215 419 congressi,
2262 344 2376 419 qui-
2457 338 2458 343 ’

317 451 366 491 ιο
383 434 509 493 dam
553 433 771 492 eminus
811 429 1170 509 proturbant.
1241 426 1621 489 Chariovalda
1654 425 1747 486 diu
1782 434 2101 485 sustentata
2131 424 2377 485 hostium
2456 446 2458 449 ⁴

383 516 655 592 saevitia,
707 514 966 576 hortatus
1017 530 1154 574 suos
1208 522 1271 571 ut
1326 513 1663 589 ingruentes
1706 518 1971 570 catervas
2009 507 2201 586 globo
2250 528 2375 588 per·

381 601 728 675 fringerent,
799 606 970 676 atque
1037 599 1165 675 ipse
1229 594 1601 656 densissimos
1648 595 2009 671 inrumpens,
2076 596 2375 670 congestis
2459 598 2460 631 ἰ

381 682 514 742 telis
545 691 602 741 et
642 681 892 743 suffosso
923 696 1081 758 equo
1108 678 1349 754 labitur,
1390 696 1459 739 ac
1490 677 1649 737 multi
1676 676 1952 737 nobilium
1984 678 2174 737 circa:
2226 686 2377 736 cete·
2458 694 2460 703 ·

381 784 481 827 ros
513 767 604 825 vis
646 784 751 825 sua
791 773 884 824 aut
915 766 1138 841 equites
1171 779 1298 821 cum
1330 763 1603 821 Stertinio
1634 760 2003 885 Aemilioque
2030 760 2376 821 subvenien-

317 871 364 910 15
385 860 474 911 tes
511 848 774 928 periculo
809 864 1103 907 exemere.

417 966 424 975 ·
503 934 600 993 12.
650 930 872 992 Caesar
911 940 1310 1007 transgressus
1353 928 1648 1005 Visurgim
1682 926 1895 988 iudicio
1936 879 2228 1005 perfugae
2284 945 2379 987 co·
2461 948 2462 975 ι

383 1019 614 1095 gnoscit
657 1015 943 1075 delectum
981 1012 1054 1072 ab
1098 1013 1357 1073 Arminio
1403 1012 1593 1072 locum
1624 1028 1884 1090 pugnam
1930 1011 2287 1070 convenisse
2328 1019 2383 1069 et

383 1102 526 1161 alias
565 1101 828 1159 nationes
855 1100 914 1157 in
953 1097 1155 1158 silvam
1192 1095 1430 1156 Herculi
1472 1114 1694 1155 sacram
1744 1112 2101 1171 ausurosque
2147 1103 2381 1154 noctur·

383 1202 512 1244 nam
539 1191 854 1243 castrorum
893 1181 1405 1260 oppugnationem.
1474 1178 1668 1240 habita
1704 1178 1874 1237 indici
1908 1177 2050 1237 fides
2084 1186 2149 1237 et
2178 1196 2381 1237 cerne-

329 1289 356 1327 5
385 1269 588 1327 bantur
616 1269 814 1342 ignes,
847 1265 1265 1342 suggressique
1288 1264 1530 1341 propius
1559 1262 1961 1339 speculatores
1984 1260 2169 1321 audiri
2188 1262 2380 1321 fremi-

383 1361 499 1409 tum
540 1366 816 1427 equorum
861 1348 1217 1425 inmensique
1260 1355 1321 1405 et
1358 1346 1631 1406 inconditi
1669 1346 1911 1423 agminis
1945 1363 2198 1406 murmur
2244 1356 2381 1405 attu-

277 1464 282 1470 ·
385 1434 527 1491 lere.
607 1433 780 1507 igitur
822 1431 1152 1509 propinquo
1194 1447 1444 1490 summae
1488 1430 1575 1489 rei
1616 1428 1939 1489 discrimine
1984 1428 2381 1507 explorandos

384 1515 616 1575 militum
645 1515 865 1573 animos
887 1521 1074 1588 ratus,
1105 1529 1349 1591 quonam
1374 1512 1431 1573 id
1458 1512 1628 1573 modo
1651 1514 2041 1591 incorruptum
2068 1511 2267 1589 foret,
2300 1532 2379 1573 se·

388 1618 512 1661 cum
527 1595 807 1674 agitabat.
844 1595 1104 1655 tribunos
1123 1604 1181 1655 et
1205 1598 1571 1657 centuriones
1594 1596 1745 1657 laeta
1764 1597 2001 1674 saepius
2023 1613 2197 1673 quam
2232 1614 2378 1656 com·

317 1698 366 1739 ιο
388 1690 551 1761 perta
573 1681 831 1739 nuntiare
851 1725 868 1756 ‚
902 1680 1236 1739 libertorum
1261 1680 1496 1741 servilia
1518 1681 1774 1757 ingenia,
1803 1680 2001 1739 amicis
2026 1681 2225 1739 inesse
2254 1680 2379 1741 adu·
2464 1642 2467 1797 >

385 1766 684 1833 lationem
721 1765 771 1822 si
801 1764 996 1823 contio
1027 1774 1305 1840 vocetur,
1336 1764 1456 1824 illic
1486 1781 1717 1842 quoque
1742 1782 1888 1842 quae
1912 1765 2081 1842 pauci
2105 1763 2381 1842 incipiant

383 1848 642 1926 reliquos
677 1846 1034 1926 adstrepere.
1096 1849 1323 1926 penitus
1356 1846 1691 1909 noscendas·
1714 1856 1971 1923 mentes,
2004 1864 2135 1905 cum
2166 1848 2381 1907 secreti

375 1941 443 1992 et
465 1931 791 1991 incustoditi
821 1934 969 1993 inter
997 1932 1255 1993 militaris
1286 1930 1451 1991 cibos
1480 1949 1643 2009 spem
1673 1940 1765 1990 aut
1792 1940 1999 1990 metum
2023 1930 2381 2009 proferrent.

507 2017 605 2078 13.
638 2016 829 2078 Nocte
861 2026 1072 2095 coepta
1103 2035 1378 2094 egressus
1408 2015 1668 2093 augurali
1700 2034 1807 2094 per
1838 2014 2066 2074 occulta
2096 2023 2161 2074 et
2190 2014 2381 2090 vigili·

385 2101 491 2162 bus
521 2103 758 2176 ignara,
807 2103 1018 2160 comite
1047 2119 1190 2177 uno,
1231 2108 1531 2160 contectus
1562 2116 1792 2158 umeros
1821 2100 2007 2158 ferina
2038 2097 2231 2176 pelle,
2270 2097 2383 2158 adit

387 2194 705 2245 castrorum
731 2184 882 2258 vias,
913 2182 1134 2244 adsistit
1153 2183 1547 2244 tabernaculis
1574 2182 1890 2261 fruiturque
1922 2182 2071 2243 fama
2102 2183 2225 2258 sui,
2258 2199 2380 2240 cum

289 2257 306 2274 ⁸
385 2267 478 2325 bic
513 2264 867 2325 nobilitatem
899 2264 1092 2343 ducis,
1125 2266 1397 2338 decorem
1428 2267 1599 2342 aliuS,
1631 2265 1856 2344 plurimi
1888 2266 2253 2346 patientiam,
2289 2283 2379 2325 co·

345 2349 669 2424 smitatem‚
717 2363 825 2428 per
867 2350 1017 2410 ser-ia
1061 2368 1166 2429 per
1209 2354 1379 2411 iocos
1426 2349 1667 2410 eundem
1698 2352 1938 2410 animum
1970 2348 2234 2409 laudibus
2266 2350 2381 2408 fer-

315 2487 324 2502 ,
384 2441 514 2492 rent
553 2433 1014 2512 reddendamque
1050 2437 1293 2510 gratiam
1336 2437 1395 2493 in
1435 2434 1559 2492 acie
1606 2433 1953 2508 faterentur,
1997 2432 2165 2492 simul
2207 2433 2382 2510 perfi-

285 2526 290 2536 '
387 2516 492 2575 dos
515 2525 574 2575 et
599 2527 871 2595 ruptores
901 2517 1062 2594 pacis
1091 2517 1292 2576 ultioni
1316 2526 1375 2576 et
1395 2515 1619 2591 gloriae
1642 2517 1998 2577 mactandos.
2058 2517 2209 2576 inter
2230 2533 2384 2593 quae

385 2618 528 2658 unus
561 2600 844 2676 hostium,
890 2599 1122 2660 Latinae
1164 2601 1393 2676 linguae
1432 2601 1649 2676 scienS‚
1700 2610 1829 2660 acto
1866 2601 1937 2660 ad
1971 2598 2184 2660 vallum
2224 2616 2382 2676 equo

381 2681 534 2743 'voce
557 2701 764 2760 magna
795 2684 1074 2760 coniuges
1099 2692 1156 2744 et
1179 2700 1358 2758 agros
1386 2691 1444 2742 et
1466 2683 1734 2761 stipendii
1762 2685 1818 2742 in
1848 2684 2005 2760 dies,
2042 2681 2233 2742 donec
2256 2681 2385 2740 hel-

319 2785 368 2826 ιο
386 2765 627 2843 laretur,
669 2767 973 2826 sestertios
1021 2774 1329 2843 centenos,
1388 2767 1437 2826 si
1481 2769 1607 2845 quis
1648 2769 2087 2844 transfugisset,
2132 2765 2385 2826 Arminii

384 2852 613 2909 nomine
644 2848 970 2927 pollicetur.
1033 2849 1284 2910 incendit
1310 2868 1381 2910 ea
1411 2852 1754 2911 contumelia
1783 2851 2076 2929 legionum
2097 2852 2245 2910 iras:
2279 2868 2383 2908 ve·

314 2929 356 2962 ‘'
383 2935 534 2993 niret
574 2932 696 2992 dies
715 2977 732 3008 ‚
779 2931 1008 2993 daretur
1049 2953 1271 3012 pugna;
1316 2944 1663 3013 sumpturum
1703 2933 1935 2995 militem
1966 2934 2388 2994 Germanorum

387 3034 593 3092 agros,
628 3024 940 3076 tracturum
969 3019 1280 3094 coniuges3
1324 3019 1595 3097 accipere
1626 3036 1793 3078 omen
1829 3028 1887 3078 et
1921 3019 2283 3079 matrimonia
2314 3035 2385 3077 ac

387 3102 664 3176 pecunias
693 3100 940 3160 hostium
971 3102 1220 3179 praedae
1256 3102 1565 3163 destinare.
1627 3104 1795 3163 tertia
1824 3101 2007 3163 ferm'e
2035 3101 2235 3178 vigilia
2281 3101 2380 3162 ad-

321 3203 367 3244 15
387 3183 650 3243 saltatum
681 3193 769 3243 est
803 3187 1005 3244 castris
1036 3187 1159 3246 sine
1193 3188 1457 3246 coniectu
1485 3186 1618 3262 teli,
1655 3195 1959 3266 postquam
1992 3186 2231 3246 crebras
2266 3203 2381 3263 pro

387 3268 743 3327 munimentis
773 3268 1046 3330 cohortes
1077 3280 1133 3330 et
1162 3270 1301 3330 nihil
1329 3269 1626 3328 remissum
1657 3289 1915 3330 sensere.

436 3368 450 3384 ι
513 3351 608 3410 14.
662 3351 796 3414 Nox
839 3354 1038 3416 eadem
1089 3354 1298 3414 laetam
1331 3352 1668 3414 Germanico
1714 3355 1959 3432 quietem
2005 3351 2163 3428 tulit,
2211 3352 2379 3411 vidit-

388 3450 499 3510 que
545 3452 610 3494 se
655 3447 950 3516 operatum
997 3449 1054 3500 et
1097 3439 1373 3513 sanguine
1408 3438 1555 3495 sacri
1587 3455 1859 3515 respersa
1903 3444 2206 3516 praetexta
2248 3435 2389 3515 pul-
