2475 4000
322 186 332 223 ⁸
674 192 676 194 ¹
708 219 922 285 'muna
942 237 1054 285 xv.
1082 236 1229 285 cnr.
1253 236 1488 289 20-25.
1838 192 1849 195 *
1979 226 2100 289 293

94 402 211 455 tur
230 437 253 468 ,
289 390 563 467 ludicrum
596 392 857 451 circense
888 400 947 451 ut
968 390 1145 451 Iuliae
1172 392 1330 468 genti
1355 391 1502 469 apud
1526 391 1800 469 Bovillas,
1829 395 1906 455 ita
1934 392 2172 465 Clau-10

96 478 257 537 diae
294 475 691 554 Domitiaeque
720 473 883 553 ¹apud
923 475 1152 535 Antium
1196 474 1480 536 ederetur.
1544 494 1688 553 quae
1724 476 1874 537 fluxa
1911 478 2098 557 fuere,

98 567 389 639 quartum
416 560 562 619 intra
599 576 853 617 mensem
897 558 1163 618 defuncta
1210 558 1444 618 infante.
1504 576 1816 637 rursusque
1859 572 2100 637 exortae

98 642 487 703 adulationes
520 644 869 703 censentium
903 642 1179 702 honorem
1208 642 1374 701 divae
1409 650 1466 701 et
1494 642 1756 721 pulvinar
1785 643 2098 723 aedemque

96 736 167 787 et
205 725 599 797 sacerdotem.
664 735 833 803 atque
879 727 1008 804 ipse
1037 735 1097 785 ut
1124 726 1406 801 laetitiae,
1446 726 1524 785 ita
1551 727 1832 786 maeroris
1865 728 2096 788 inmodi-

100 828 225 870 cus
262 809 401 885 egit.
467 809 793 873 adnotatum
822 818 941 886 est,
992 811 1145 869 omni
1186 817 1386 891 senatu
1410 807 1647 869 Antium.
1673 808 1778 868 sub
1806 820 2097 872 recentem
2115 842 2165 883 15

97 902 367 973 partum·
386 893 603 970 effuso,
636 893 951 954 Thraseam
981 892 1324 973 prohibitum
1357 894 1569 953 inmoto
1601 893 1785 954 animo
1819 909 2096 972 praenun-

98 980 257 1037 tiam
298 977 620 1036 inminentis
656 978 851 1037 caedis
894 976 1295 1038 contumeliam
1335 978 1663 1054 excepisse.-
1721 986 1973 1037 secutam
2001 978 2097 1037 de-

98 1062 257 1121 hinc
300 1077 507 1119 vocem
546 1058 813 1121 Caesaris
850 1060 1069 1137 ferunt,
1110 1077 1222 1137 qua
1250 1060 1679 1120 reconciliatum
1707 1078 1772 1121 se
1807 1060 2099 1121 Thraseae

100 1143 275 1223 apud
317 1144 599 1203 Senecam
636 1146 966 1225 iactaverit,
1020 1160 1089 1203 ac
1129 1143 1413 1203 Senecam
1455 1142 1690 1203 Caesari
1729 1144 2095 1220 gratulatum:

100 1228 273 1287 unde
302 1226 493 1303 gloria
520 1227 777 1309 egregiis
809 1228 947 1287 viris
977 1236 1033 1286 et
1064 1226 1322 1305 pericula
1350 1226 1706 1302 gliscebant.
2113 1254 2166 1295 20

248 1310 351 1370 24.
396 1309 551 1369 Inter
592 1328 739 1387 quae
768 1311 923 1370 veris
956 1310 1241 1389 principio
1272 1309 1450 1385 legati
1479 1309 1812 1369 Parthorum
1838 1311 2098 1377 mandata

102 1396 284 1471 regis
328 1393 647 1469 Vologesis
692 1393 1003 1472 literaeque
1044 1393 1386 1463 in-eandem
1425 1392 1664 1453 formam
1709 1394 1978 1454 attulere:
2007 1404 2096 1453 ‘se

104 1480 323 1556 priora
353 1486 409 1535 et
439 1478 651 1537 totiens
682 1478 893 1537 iactata
923 1494 1099 1556 super
1128 1475 1438 1554 optinenda
1459 1476 1730 1538 Armenia
1756 1480 2094 1537 nunc-omit·

103 1570 268 1638 tere,
308 1561 571 1639 quoniam
600 1560 675 1634 di,
710 1562 965 1637 quamvis
998 1561 1312 1659 potentium
1342 1560 1684 1639 populorum
1713 1561 1930 1641 arbitri,
1961 1578 2094 1639 pos·

106 1646 446 1705 sessionem
480 1642 703 1703 Parthis
743 1660 857 1703 non
900 1644 1024 1703 sine
1064 1644 1374 1721 ignominia
1412 1645 1676 1706 Romana
1707 1644 2141 1707 tradidi-ssent&

103 1746 307 1826 nuper
336 1727 589 1787 clausum
618 1726 931 1821 Tigranem
976 1737 1107 1806 post
1142 1724 1379 1787 Paetum
1419 1726 1798 1805 legionesque
1837 1745 1963 1787 cum
1993 1744 2094 1805 op-

107 1813 373 1891 primere
406 1819 627 1891 posset,
655 1803 975 1871 incolumes
1004 1811 1308 1871 dimisisse.
1373 1811 1512 1870 satis
1552 1810 1920 1889 adprobatam
1946 1812 2092 1880 vim3

106 1896 311 1953 datum
343 1903 401 1953 et
441 1894 691 1954 lenitatis
720 1896 1190 1993 experimentum.
1244 1912 1354 1952 nee
1391 1902 1780 1952 recusaturum
1810 1892 2096 1953 Tiridaten

34 2045 49 2060 .
108 1977 462 2055 accipiendo
484 1977 825 2038 diademati
808 1998 864 2038 ιιι
886 1977 1083 2044 urbem
1106 1978 1323 2053 venire,
1350 1976 1456 2036 nisi
1479 1976 1788 2052 sacerdotii
1811 1975 2095 2052 religione

108 2062 475 2121 attineretur.
537 2063 738 2121 iturum
770 2061 841 2121 ad
884 2063 1049 2138 signa
1082 2069 1142 2120 et
1170 2060 1398 2136 effigies
1434 2061 1742 2138 principis,
1785 2058 1882 2118 ubi
1907 2059 2164 2135 legio··1o

35 2163 37 2196 1
110 2141 291 2201 nibus
326 2160 517 2202 coram
544 2162 782 2220 regnum
811 2146 1222 2223 auspicaretur.

247 2225 347 2284 25.
387 2225 619 2286 Talibus
661 2226 979 2304 Vologesis
1022 2227 1235 2303 literis,
1282 2228 1414 2306 quia
1453 2226 1660 2286 Paetus
1702 2226 1930 2288 diversa
1959 2235 2096 2286 tam-

114 2326 292 2388 quam
314 2307 487 2368 rebus
512 2311 754 2386 integris
784 2309 1097 2388 scribebat,
1130 2312 1516 2388 interrogatus
1537 2311 1812 2387 centurio,
1847 2311 1942 2388 qui
1971 2329 2097 2370 cum

114 2393 335 2469 legatis
374 2392 715 2469 advenerat,
760 2411 871 2473 quo
914 2396 971 2456 iu
1012 2402 1160 2454 statu
1194 2394 1466 2454 Armenia
1505 2403 1690 2472 esset,
1739 2412 1936 2455 omnes
1964 2393 2096 2466 inde

111 2478 415 2538 Romanos
456 2479 787 2536 excessisse
830 2477 1147 2557 respondit.
1220 2486 1336 2538 tum
1381 2477 1678 2538 intellecto
1724 2476 2097 2537 barbarorum

115 2561 320 2636 inrisu,
352 2561 445 2638 qui
476 2569 741 2639 peterent
770 2561 923 2639 quod
948 2562 1297 2640 eripuerant,
1330 2561 1610 2622 consuluit
1637 2561 1784 2620 inter
1810 2560 2091 2648 primores
2117 2577 2143 2616 5

118 2644 371 2704 civitatis
400 2643 582 2720 Nero,
610 2643 823 2704 bellum
850 2662 1072 2724 anceps
1101 2663 1173 2704 an
1196 2663 1312 2724 pax
1335 2642 1633 2705 inhonesta
1656 2635 1934 2723 placeret.
1985 2661 2098 2703 nec

120 2725 427 2786 dubitatum
472 2726 544 2786 de
588 2725 765 2786 bello.
835 2737 893 2788 et
938 2727 1193 2789 Corbulo
1238 2729 1472 2788 militum
1515 2736 1684 2806 atque
1725 2727 1970 2788 bostium
2011 2735 2100 2788 tot

119 2828 231 2888 per
254 2828 433 2874 annos
464 2827 678 2888 gnarus
710 2811 1004 2888 gerendae
1034 2813 1119 2872 rei
1146 2812 1513 2890 praeficitur,
1554 2830 1628 2870 ne
1671 2813 1828 2871 cuius
1859 2811 2097 2878 alterius

118 2894 345 2953 inscitia
374 2913 595 2954 rursum
626 2905 1002 2979 peccaretur,
1034 2896 1167 2974 quia
1197 2896 1358 2956 Paeti
1393 2897 1677 2974 piguerat.
1734 2897 1906 2972 igitur
1945 2893 2098 2953 inriti

120 2979 508 3053 remittuntur,
554 2997 679 3038 cum
725 2978 889 3039 donis
928 2988 1149 3055 tamen,
1190 2980 1342 3039 unde
1374 2997 1512 3057 spes
1539 2981 1706 3039 tieret
1734 2995 1848 3039 non
1885 2977 2096 3038 frustra
2115 2988 2164 3030 1⁰

122 3060 321 3121 eadem
350 3071 637 3122 oraturum
668 3061 989 3138 Tiridaten,
1034 3064 1084 3122 si
1114 3080 1324 3142 preces
1350 3063 1477 3140 ipse
1507 3063 1805 3123 attulisset.
1851 3062 2094 3126 Suria&-

126 3160 237 3220 que
264 3147 569 3207 exsecutio
596 3143 662 3205 G.
691 3144 829 3223 Itio,
874 3147 1079 3224 copiae
1117 3147 1396 3205 militares
1427 3131 1740 3207 Corbuloni
1779 3146 2096 3224 permissae

124 3235 179 3284 et
222 3229 409 3306 quinta
452 3229 687 3288 decuma
730 3229 887 3306 legio
922 3229 1165 3289 ducente
1196 3227 1379 3290 Mario
1413 3226 1590 3290 Celso
1621 3248 1654 3289 e
1685 3229 1971 3290 Pannonia
1998 3226 2094 3289 ad·
2159 3221 2174 3231 “

75 3337 88 3351 κ
124 3309 267 3371 iecta
310 3320 417 3372 est.
476 3312 761 3373 scribitur
804 3310 1111 3374 tetrarchis
1166 3330 1237 3373 ac
1286 3311 1526 3389 regibus
1569 3304 1996 3396 praefectisque
2038 3317 2098 3370 et

124 3394 589 3468 procuratoribus
635 3405 694 3455 et
736 3399 831 3474 qui
873 3404 1204 3496 praetorum
1247 3398 1510 3457 finitimas
1552 3397 1893 3476 provincias
1923 3411 2166 3472 rege-1⁵

125 3473 277 3552 bant,
302 3479 472 3538 iussis
497 3476 849 3540 Corbulonis
872 3479 1182 3559 obsequi,
1165 3499 1221 3540 ιιι
1247 3489 1456 3541 tautum
1471 3481 1660 3551 ferme
1683 3481 1909 3540 modum
1930 3485 2100 3542 aucta
