2475 4000
680 166 891 225 mnan
921 180 1081 228 xm..
1107 180 1256 229 car.
1285 146 1524 235 41—44.
1971 180 2096 250 245

104 348 271 391 naam
317 330 803 411 impetraverant,
855 334 1091 396 brevius
1130 337 1315 396 visum
1353 339 1568 400 urbana
1617 345 1849 405 crimina
1893 347 2088 427 incipi,
2115 376 2144 415 5

105 432 353 505 quorum·
370 415 527 476 obvii
562 425 745 477 testes
774 420 957 505 crant.
1010 422 1050 479 ii
1080 420 1406 485 acerbitate'
1429 428 1811 487 accusationis
1837 430 1907 504 Q.
1931 430 2092 491 Pom-

106 501 339 579 ponium
370 500 445 564 ,ad
478 503 887 563 necessitatem
933 502 1073 564 belli
1112 505 1300 565 civilis
1328 505 1651 586 detrusum,
1696 510 1895 572 Iuliam
1923 514 2092 586 Drusi

104 584 685 673 filiamSabinamque
724 585 1059 667 Poppaeam
1100 587 1170 648 ad
1216 599 1460 651 mortem
1511 602 1671 652 actas
1709 604 1768 653 et
1800 596 2093 659 Valerium

102 668 453 745 Asiaticum,
498 668 725 729 Lusium
775 670 1169 750 Saturninum,
1226 672 1557 736 Cornelium
1593 676 1812 757 Lupum
1856 681 2090 741 circum·

102 756 347 830 ventos,
404 754 514 813 iam
555 755 803 833 equitum
845 748 1233 817 Ro'manorum
1271 762 1498 837 agmina
1537 759 1799 821 damnata
1845 779 2089 824 omnem·
2110 787 2164 828 ιο

104 856 211 920 que
244 836 471 897 Claudii
513 840 805 900 saevitiam
846 841 1047 901 Suillio
1092 842 1482 904 obiectabant.
1555 845 1658 905 ille
1705 845 1843 907 nihil
1889 866 1966 907 ex
2005 847 2094 908 his
2195 889 2199 895 -

104 931 314 1000 sponte
345 932 710 1002 susceptum,
755 924 859 985 sed
900 927 1147 1005 principi
1188 929 1449 1007 paruisse
1485 927 1859 1008 defendebat,
1907 931 2097 991 donec

103 1024 224 1065 eam
255 1008 575 1067 orationem
606 1006 825 1069 Caesar
870 1009 1152 1088 cohibuit,
1178 997 1558 1094 'compertum
1586 1013 1695 1073 sibi
1722 1014 1989 1075 referens
2019 1033 2097 1075 ex

102 1094 527 1153 commentariis
568 1094 748 1172 patris
794 1095 880 1153 sui
919 1094 1131 1155 nullam
1174 1097 1973 1174 cuiusquamaccusationem
2022 1098 2092 1159 ab

102 1193 171 1235 eo
198 1184 483 1237 coactam.
548 1184 663 1236 tum
691 1179 847 1237 iussa
868 1177 1217 1238 Messalinae
1251 1180 1549 1259 praetendi
1582 1191 1639 1241 et
1667 1181 1867 1242 labare
1898 1182 2092 1243 defen·
2111 1208 2162 1249 15

100 1262 217 1321 sio:
268 1278 376 1321 cur
420 1261 569 1320 enim
610 1262 901 1345 neminem
935 1262 1102 1321 alium
1146 1262 1573 1344 delectum-qui
1603 1266 1882 1326 saevienti
1915 1269 2092 1346 impu-

98 1344 264 1405 dicae
288 1362 498 1405 vocem
530 1344 879 1424 praeberet?
920 1346 1244 1425 puniendos
1271 1365 1466 1407 rerum
1490 1353 1764 1411 atrocium
1785 1351 2094 1428 ministros,

96 1429 191 1489 ubi
224 1432 415 1509 pretia
450 1430 737 1489 scelerum
769 1429 961 1509 adepti
990 1431 1218 1492 scelera
1247 1433 1375 1511 ipsa
1409 1432 1534 1493 aliis
1565 1433 1856 1511 delegent.
1921 1436 2097 1513 igitur

98 1513 365 1593 adempta
404 1514 687 1574 bonorum
725 1524 891 1593 parte
928 1517 1089 1595 (nam
1116 1515 1235 1575 filio
1281 1525 1340 1575 et
1367 1518 1526 1596 nepti
1561 1536 1696 1598 pars
1733 1518 2092 1579 concedeba-

98 1606 186 1657 tur
231 1597 746 1677 eximebanturque
790 1600 960 1661 etiam
1006 1618 1154 1680 quae
1198 1609 1542 1661 testamento
1571 1604 1767 1662 matris
1799 1611 1893 1663 aut
1923 1604 2088 1662 aviae
2110 1628 2162 1669 20

98 1682 487 1762 acceperant)
530 1684 587 1743 in
626 1682 841 1744 insulas
870 1684 1151 1744 Baleares
1181 1685 1448 1763 pellitur,
1491 1704 1607 1747 non
1640 1688 1698 1746 in
1729 1688 1858 1767 ipso
1890 1686 2102 1746 discri-·
2168 1760 2174 1765 ι

96 1769 279 1845 mine,
334 1784 452 1827 non
494 1776 627 1845 post
668 1768 1087 1830 damnationem
1126 1767 1344 1829 fractus
1399 1771 1616 1837 animm
1680 1770 2092 1849 ferebaturque

100 1852 343 1930 copiosa
375 1860 433 1911 et
470 1852 633 1923 molli
660 1853 778 1912 vita
820 1862 1108 1913 secretum
1149 1852 1291 1912 illud
1335 1853 1698 1913 toleravisse.
1759 1854 1936 1915 filium
1967 1856 2092 1926 eius

94 1934 453 1995 Nerullinum
509 1936 808 2016 adgressis
866 1935 1302 1998 accusatoribus
1353 1953 1460 2015 per
1499 1935 1769 1995 invidiam
1809 1936 2009 2015 patris
2033 1943 2095 1996 et

97 2023 337 2080 crimina
379 2021 857 2101 repetundarum,
915 2021 1247 2081 intercessit
1289 2021 1562 2099 princeps
1618 2027 1900 2098 tamquam
1953 2021 2090 2080 satis
2110 2037 2162 2104 ²⁵.

96 2105 338 2182 expleta
370 2106 607 2166 ultione.

222 2189 327 2247 44.
377 2188 489 2248 Per
528 2190 681 2249 idem
721 2199 947 2269 tempus
990 2187 1264 2248 Octavius
1309 2188 1529 2265 Sagitta
1572 2187 1768 2268 plebei
1814 2188 2092 2266 tribunus,

95 2271 341 2332 Pontiae
396 2272 651 2334 mulieris
702 2282 913 2353 nuptae
966 2289 1164 2333 amore
1210 2289 1496 2350 vaecors,
1545 2272 1874 2350 ingentibus
1926 2273 2093 2334 donis
2177 2281 2184 2290 ’

94 2355 435 2417 adulterium
466 2366 525 2416 et
550 2374 718 2433 mox,
762 2367 823 2416 ut
864 2357 1155 2417 omitteret
1180 2357 1468 2433 maritum,
1524 2366 1877 2434 emereatur,
1933 2375 2093 2416 suum

94 2439 513 2501 matrimonium
542 2443 879 2526 promittens
918 2441 1241 2521 a'ctnuptias
1274 2442 1396 2502 eius
1425 2450 1646 2519 pactuS.
1717 2439 1820 2500 sed
1851 2440 1947 2500 ubi
1974 2458 2090 2501 mu-

99 2526 208 2586 lier
238 2542 422 2586 vacua
450 2525 583 2604 fuit,
626 2534 862 2586 nectere
905 2543 1130 2603 moras,
1173 2525 1476 2587 adversam
1523 2529 1702 2605 patris
1741 2524 2136 2585 voluntatems

104 2612 329 2670 causari
383 2618 735 2689 repertaque
779 2629 889 2691 spe
938 2609 1158 2671 ditioris
1203 2611 1464 2686 coniugis
1509 2609 1793 2688 promissa
1855 2625 2093 2668 exuere.
2167 2625 2174 2632 ·

105 2693 378 2754 Octavius
410 2702 609 2756 contra
641 2694 813 2755 modo
864 2697 1141 2773 conqueri
1183 2694 1357 2755 modo
1390 2695 1666 2769 minitari,
1709 2692 1916 2753 famam
1964 2708 2093 2770 per·

106 2777 305 2858 ditam,
370 2779 673 2860 pecuniam
734 2780 1068 2840 exhaustam
1133 2778 1463 2867 obtestans,
1529 2777 1774 2856 denique
1829 2776 2092 2850 salutem,

106 2881 249 2941 quae
292 2864 421 2924 sola
463 2863 687 2942 reliqua
730 2871 919 2940 esset,
963 2862 1198 2923 arbitrio
1241 2864 1366 2923 eius
1410 2862 1766 2942 permittens.
1828 2878 1898 2920 ac
1936 2867 2094 2939 post-

108 2964 269 3024 quam
312 2947 725 3028 spernebatur,
784 2955 1016 3008 noctem
1062 2963 1229 3006 unam
1276 2946 1349 3006 ad
1401 2946 1678 3005 solacium
1715 2945 1933 3024 poscit,
1985 2959 2095 3020 qua
2115 2957 2166 3000 ιο
2253 2946 2255 2955 '

109 3025 387 3093 delenitus
428 3031 657 3092 modum
706 3033 762 3090 in
811 3040 1108 3111 posterum
1150 3029 1467 3090 adhiberet.
1542 3029 1802 3088 statuitur
1852 3045 2000 3104 nox,
2041 3033 2098 3086 et

108 3111 304 3180 Pontia
337 3119 609 3178 consciae
641 3114 885 3176 ancillae
920 3113 1237 3175 custodiam
1270 3112 1517 3175 cubiculi
1537 3111 1790 3174 mandat.
1851 3111 1952 3170 ille
1980 3127 2094 3170 uno

112 3213 231 3258 cum
258 3199 469 3262 liberto
500 3202 715 3265 ferrum
746 3208 909 3260 veste
943 3198 1232 3259 occultum
1261 3198 1452 3258 infert.
1518 3203 1661 3267 tum,
1694 3204 1757 3254 ut
1783 3193 2010 3255 adsolet
2038 3194 2096 3251 in
2137 3234 2142 3243 ,

112 3297 300 3346 amore
336 3293 396 3346 et
434 3287 551 3362 ira,
594 3286 778 3361 iurgia
820 3300 1062 3364 preces,
1104 3281 1480 3362 exprobratio
1523 3272 1846 3358 satisfactio
1872 3287 1930 3338 et
1958 3295 2094 3356 pars

110 3367 467 3430 tenebrarum
508 3368 725 3429 libidini
774 3368 1062 3448 seposita3
1096 3383 1171 3426 ex
1200 3385 1311 3446 qua
1349 3367 1621 3425 incensus
1663 3361 1800 3422 nihil
1843 3369 2094 3422 metuen-
2117 3379 2168 3420 15

109 3455 219 3509 tem
274 3454 433 3514 ferro
484 3451 917 3514 transverberat
972 3461 1031 3512 et
1084 3457 1482 3511 accurrentem
1540 3447 1804 3508 ancillam
1855 3446 2098 3506 vulnere
2143 3519 2158 3534 ,
