2475 4000
665 200 873 248 LIBER
895 202 1037 279 xly.
1072 204 1221 253 cAP.
1251 203 1486 257 10—14.
1967 195 2092 257 259

52 344 245 413 rat'us
278 362 337 412 et
365 361 557 413 tactae
587 354 659 413 de
704 356 871 416 caelo
903 356 1356 435 quattuordecim
1396 356 1554 415 urhis
1585 361 1881 435 regiones.
1941 380 2090 441 quae

52 438 235 497 adeo
269 438 391 497 sine
430 455 566 498 cura
605 437 770 498 deum
800 440 1174 518 eveniebant,
1222 450 1282 500 ut
1309 441 1522 499 multos
1555 452 1688 519 post
1717 462 1896 505 annos
1926 446 2088 505 Nero

52 522 388 599 imperium
438 531 495 580 et
550 519 783 583 scelera
840 526 1278 585 continuaverit.
1359 534 1616 584 ceterum
1664 543 1776 603 quo
1818 540 2090 605 gravaret

52 604 357 666 invidiam
390 607 586 665 matris
632 624 819 686 eaque
855 608 1088 669 demota
1129 608 1687 668 auctamlenitatem
1731 602 2086 673 suam‘testi-

57 693 393 767 ficeretur,
436 690 679 750 feminas
726 691 998 753 inlustres
1026 692 1244 753 Iuniam
1289 700 1346 751 et
1375 691 1772 771 Calpurniam,
1823 702 2086 773 praetura
2107 718 2156 757 15

56 776 319 833 functos
366 770 664 833 Valerium
711 770 1051 855 Capitonem¹
1096 786 1153 835 et
1201 776 1478 835 Licinium
1525 776 1807 837 Gabolum
1853 778 2087 838 sedibus

58 859 293 936 patriis
322 856 591 934 reddidit,
630 858 703 918 ab
730 858 1057 939 Agrippina
1088 860 1225 919 olim
1249 860 1472 939 pulsos.
1509 863 1679 920 etiam
1700 861 1919 921 Lolliae
1946 862 2084 922 Pau-

56 942 502 1033 linaecineres
530 946 821 1021 reportari
853 944 1299 1025 sepulcrumque
1337 946 1558 1004 exstrui
1591 947 1876 1022 permisit;
1914 962 2082 1022 qnos-

58 1043 191 1104 que
238 1026 367 1102 ipse
406 1043 594 1103 nuper
624 1026 1025 1105 relegaverat,
1074 1028 1308 1091 Iturium
1338 1037 1396 1087 et
1429 1026 1737 1088 Calvisium
1767 1046 1956 1109 poena
1988 1047 2083 1087 ex-

58 1110 277 1168 solvit.
340 1126 469 1168 nam
493 1108 685 1169 Silana
728 1111 848 1170 fato
890 1113 1084 1170 functa
1114 1121 1269 1188 erat,
1315 1112 1630 1190 longinquo
1661 1112 1732 1173 ab
1765 1112 1940 1171 exilio
1973 1112 2078 1172 Ta-
2101 1130 2153 1169 20

55 1202 305 1253 rentum
338 1210 615 1271 regressa
644 1193 875 1254 labante
902 1197 1012 1255 iam
1043 1194 1393 1275 Agrippina,
1430 1198 1588 1255 cuius
1613 1198 1917 1255 inimicitiis
1945 1212 2080 1254 con-

56 1275 329 1354 ciderat,
362 1277 460 1336 vel
493 1276 772 1354 mitigata.
826 1279 857 1315 ·'
1179 1276 1193 1290 ⁸
1685 1303 1703 1308 -
1985 1286 1994 1301 ‘

200 1360 304 1420 13.
349 1361 563 1421 Tamen
596 1364 852 1422 cunctari
880 1364 937 1422 in
968 1363 1204 1442 oppidis
1229 1360 1599 1442 Campaniae,
1631 1378 1874 1441 quonam
1907 1363 2080 1422 modo

54 1445 280 1504 urbem
314 1445 747 1523 ingrederetur,
784 1465 857 1507 an
888 1446 1227 1525 obsequium
1257 1457 1522 1522 senatus,
1559 1464 1628 1507 an
1662 1446 1854 1526 ,studia
1889 1446 2082 1525 plebis

52 1530 369 1609 reperiret
402 1524 635 1589 anxius:
672 1540 873 1591 contra
898 1532 1240 1594 deterrimus
1267 1532 1529 1611 quisque,
1563 1548 1802 1608 quorum
1826 1547 1940 1589 non
1967 1531 2078 1590 alia

53 1614 243 1690 regia
284 1613 589 1675 fecundior
632 1616 846 1693 extitit,
888 1617 1129 1675 invisum
1157 1615 1516 1695 Agrippinae
1553 1631 1760 1673 nomen
1805 1624 1864 1673 et
1891 1624 2075 1675 morte

56 1701 197 1757 eius
242 1714 551 1757 accensum
596 1699 795 1777 populi
836 1700 1099 1760 favorem
1141 1700 1453 1761 disserunt:
1504 1700 1614 1757 iret
1651 1698 1970 1777 intrepidus
2011 1707 2078 1758 et
2103 1720 2128 1757 5

54 1782 527 1841 venerationem
566 1786 651 1842 sui
704 1800 901 1844 coram
942 1786 1334 1863 experiretur3
1393 1780 1554 1841 simul
1617 1782 1927 1859 praegredi
1967 1800 2074 1841 ‘ex-

52 1875 345 1944 poscunt.
407 1875 465 1925 et
492 1870 853 1947 promptiora
885 1885 1057 1947 quam·
1084 1868 1464 1945 promiserant
1495 1862 1823 1939 inveniunt,
1871 1866 2074 1926 obvias

52 1950 289 2026 tribuS,
333 1950 486 2011 festo
532 1952 686 2012 cultu
728 1961 1019 2030 senatum,
1064 1952 1366 2026 coniugum
1397 1963 1468 2006 ac
1499 1944 1813 2008 liberorum
1847 1952 2075 2026 agmina

52 2054 175 2112 per
223 2051 425 2094 sexum
469 2045 527 2094 et
564 2046 810 2096 aetatem
853 2036 1161 2116 disposita,
1209 2039 1570 2107 exstructos,
1615 2048 1725 2108 qua
1752 2032 2073 2107 incederet,

52 2117 542 2198 spectaculorum
596 2119 842 2196 gradus,
894 2136 1008 2198 quo
1068 2117 1237 2176 modo
1289 2112 1878 2191 triumphivisuntur.
1938 2115 2072 2174 hinc
2095 2137 2143 2176 10

50 2198 361 2279 superbus
402 2219 473 2260 ac
519 2202 734 2280 publici
774 2205 995 2262 servitii
1036 2202 1224 2259 victor
1271 2196 1611 2276 Capitolium
1654 2199 1824 2277 adiit,
1875 2209 2106 2280 grates=

52 2281 333 2346 exsolvit
348 2310 373 2358 ,=
415 2303 601 2363 seque
641 2289 699 2345 in
736 2304 935 2346 omnes
977 2282 1244 2344 libidines
1277 2280 1504 2359 effudit,
1547 2298 1690 2362 quas
1724 2283 1872 2343 male
1905 2301 2070 2344 coer-

56 2371 219 2428 citas
250 2366 681 2447 qualiscumque
713 2371 907 2431 matris
926 2367 1260 2428 reverentia
1291 2366 1637 2426 tardaverat.

194 2451 293 2510 14.
334 2453 519 2514 Vetus
540 2453 624 2513 illi
651 2453 855 2531 cupido
884 2460 1004 2511 erat
1028 2450 1316 2510 curriculo
1343 2451 1751 2528 quadrigarum
1773 2453 2068 2526 insistere,

54 2554 177 2595 nec
225 2537 408 2595 minus
450 2536 683 2600 foedum
734 2535 975 2595 studium
1022 2533 1238 2594 cithara
1277 2534 1557 2594 ludicrum
1601 2537 1655 2594 in
1700 2535 1927 2594 modum
1977 2551 2066 2592 ca-

58 2637 233 2678 nere.
307 2630 647 2683 concertare
675 2621 836 2696 equis
866 2620 1091 2696 regium
1120 2626 1180 2678 et
1211 2620 1455 2697 antiquis
1485 2619 1726 2678 ducibus
1754 2619 2070 2678 factitatum

56 2703 455 2783 memorabat,
498 2705 671 2782 idque
702 2712 890 2761 vatum
934 2702 1193 2763 laudibus
1226 2702 1470 2764 celebre
1495 2713 1553 2762 et
1586 2702 1824 2764 deorum
1863 2703 2070 2762 honori

60 2787 276 2847 datum.
343 2792 635 2850 enimvero
679 2795 877 2846 cantus
917 2787 1176 2866 Apollini
1224 2805 1456 2864 sacros,
1490 2787 1706 2867 talique
1738 2795 1940 2847 ornatu
1971 2784 2064 2843 ad·
2091 2806 2115 2843 5

60 2880 223 2932 stare
256 2889 374 2932 non
404 2873 576 2933 modo
612 2871 849 2938 Graecis
880 2872 939 2930 in
970 2871 1209 2933 urbibus
1241 2871 1346 2932 sed
1371 2871 1634 2932 Romana
1667 2869 1819 2950 apud
1853 2868 2067 2948 templa

60 2973 275 3016 numen
304 2958 673 3036 praecipuum
704 2963 761 3013 et
791 2958 1137 3033 praescium.
1202 2974 1313 3017 nec
1341 2957 1452 3016 iam
1485 2958 1607 3016 sisti
1639 2964 1895 3034 poterat,
1943 2970 2070 3012 cum
2110 3021 2122 3034 .

62 3041 333 3101 Senecae
374 3059 441 3102 ac
480 3038 661 3099 Burro
704 3040 920 3115 visum,
968 3057 1041 3099 ne
1086 3050 1331 3118 utraque
1374 3042 1780 3121 pervinceret,
1827 3039 2068 3124 alterum

24 3143 26 3146 ⁴
67 3124 417 3186 concedere.
476 3123 845 3202 clausumque
877 3123 1031 3183 valle
1059 3125 1344 3184 Vaticana
1375 3126 1621 3203 spatium
1652 3125 1708 3182 in
1739 3140 1855 3201 quo
1882 3137 2068 3200 equos

62 3218 321 3286 regeret,
347 3208 496 3268 haud
523 3209 815 3287 promisco
840 3207 1199 3286 spectaculo.
1252 3225 1388 3268 mox
1411 3208 1561 3268 ultro
1586 3210 1786 3268 vocari
1813 3204 2066 3285 populus
2087 3213 2137 3254 1⁰

63 3290 357 3354 Romanus
396 3292 775 3371 laudibusque
820 3293 1143 3370 extollere,
1198 3302 1260 3351 ut
1301 3302 1392 3352 est
1428 3291 1638 3369 vulgus
1682 3293 1921 3370 cupiens
1963 3306 2065 3360 vo·

64 3372 341 3453 luptatum
374 3386 451 3453 et,
485 3377 533 3438 si
565 3377 770 3438 eodem
803 3378 1077 3456 princeps
1108 3376 1330 3454 trahat,
1349 3375 1578 3442 laetum.
1627 3385 1881 3436 ceterum
1906 3372 2064 3434 evul-

65 3468 236 3534 gatus
284 3461 471 3540 pudor
504 3479 621 3522 non
660 3463 1018 3539 satietatem,
1066 3470 1125 3520 ut
1164 3461 1471 3539 rebantur,
1503 3462 2068 3604 sedinclit7apientum
