2475 4000
691 199 898 246 LIBER
939 200 1031 247 lv.
1074 197 1222 246 GAP.
1270 195 1532 250 32—36.
1648 251 1653 271 ι
1708 228 1721 243 ι
1974 185 2093 249 129

106 372 264 433 quos
290 354 388 411 lex
409 352 720 411 maiestatis
743 351 1130 429 amplectitur:
1161 352 1390 411 Brutum
1409 360 1467 411 et
1493 351 1745 411 Cassium
1767 352 2092 413 laudavisse
2115 370 2160 410 ιο

107 439 298 511 dicor,
336 452 573 514 quorum
615 452 711 492 res
751 444 950 510 gestas
993 454 1118 494 cum
1158 434 1385 513 plurimi
1428 439 1883 513 composuerint,
1922 454 2088 503 nemo

111 524 240 579 sine
281 518 500 578 honore
544 519 898 575 memoravit.
960 517 1120 578 Titus
1162 518 1390 594 Livius,
1444 518 1805 595 eloquentiae
1848 536 1916 580 ac
1958 520 2090 579 iidei

111 602 454 683 praeclarus
484 602 541 658 in
569 600 797 680 primiS,
836 600 939 659 Cn.
971 601 1306 681 Pompeium
1336 603 1504 661 tantis
1544 602 1816 663 Ιειιιᾱίὴιιε.
1834 604 1985 678 tulit,
2033 612 2092 662 ut

107 686 525 763 Pompeianum
578 700 707 743 eum
749 684 1042 760 Augustus
1097 684 1446 764 appellaret;
1492 703 1681 764 neque
1719 685 1775 758 id
1814 688 2089 745 amicitiae

109 787 314 830 eorum
359 768 570 827 offecit.
631 767 996 845 Scipionem,
1027 766 1373 843 Afranium,
1418 769 1566 828 bunc
1597 772 1783 847 ipsum
1813 766 2087 844 Cassium,
2114 786 2157 827 ιε

105 854 266 913 hunc
306 852 539 911 Brutum
579 868 852 928 nusquam
882 852 1138 912 latrones
1178 862 1237 911 et
1268 852 1602 930 parricidas,
1638 869 1784 929 quae
1816 870 1963 911 nunc
1993 869 2091 910 vo-

112 936 321 997 cabula
364 937 734 1012 inponuntur,
781 953 957 1012 saepe
999 945 1057 994 ut
1101 938 1343 1012 insignis
1383 936 1542 995 viros
1583 938 1850 995 nominat.
1913 936 2095 995 Asinii

106 1019 392 1079 Pollionis
423 1020 637 1097 scripta
660 1020 954 1095 egregiam
979 1020 1287 1079 eorundem
1310 1020 1635 1079 memoriam
1659 1018 1909 1093 tradunt;
1945 1018 2092 1079 Mes·

108 1102 259 1163 salla
305 1100 588 1160 Corvinus
631 1104 1037 1179 imperatorem
1081 1122 1240 1162 suum
1287 1102 1544 1163 Cassium
1587 1086 1985 1181 praedicabat:
2038 1110 2094 1160 et

106 1196 356 1263 uterque
382 1183 588 1263 opibus
620 1194 791 1262 atque
821 1185 1134 1245 honoribus
1167 1190 1534 1264 perviguere.
1584 1186 1760 1246 Marci
1793 1184 2091 1246 Ciceronis
2110 1197 2159 1239 ²⁸

105 1269 286 1345 libro,
320 1285 432 1346 quo
465 1268 742 1328 Catonem
778 1269 943 1328 caelo
974 1272 1271 1347 aequavit,
1316 1269 1450 1347 quid
1493 1270 1647 1333 aliud
1676 1270 1921 1329 dictator
1951 1267 2092 1329 Cae·

107 1372 207 1413 sar
258 1371 422 1430 quam
463 1354 746 1431 rescripta
787 1355 1077 1430 oratione,
1112 1353 1269 1412 velut
1298 1354 1449 1431 apud
1474 1354 1725 1452 iudiceso,
1758 1348 2093 1431 respondit?

103 1438 348 1511 Antonii
379 1434 696 1513 epistulae,
735 1435 892 1496 Bruti
923 1436 1397 1501 contionesfalsa
1430 1438 1654 1515 quidem
1690 1438 1747 1495 in
1774 1436 2091 1513 Augustum

107 1519 362 1599 probra,
411 1528 500 1578 set
548 1517 722 1580 multa
767 1536 892 1577 cum
923 1519 1240 1581 acerbitate
1282 1520 1521 1589 hahent;
1556 1522 1803 1581 carmina
1833 1518 2092 1581 Bibaculi

105 1613 172 1663 et
214 1602 420 1661 Catulli
467 1601 684 1662 referta
728 1603 1082 1663 contumeliis
1124 1603 1432 1663 Caesarum
1468 1605 1761 1682 leguntur:
1800 1603 1919 1663 *sed
1962 1606 2091 1679 ipse
2114 1616 2161 1655 2⁵

105 1688 279 1747 divus
306 1686 510 1763 Iulius,
554 1686 681 1763 ipse
712 1687 874 1747 divus
895 1688 1196 1764 Augustus
1225 1696 1283 1748 et
1317 1689 1500 1748 tulere
1544 1690 1649 1748 ista
1680 1698 1737 1747 et
1781 1687 2091 1765 reliquere,

101 1769 262 1830 haud
301 1770 473 1833 facile
517 1768 782 1847 dixerim,
830 1772 1224 1831 moderatione
1265 1774 1449 1848 magis
1482 1790 1553 1831 an
1595 1772 1891 1849 sapientia.
1944 1774 2125 1830 nam-²

103 1871 226 1932 que
256 1864 450 1932 spreta
488 1853 856 1915 exolescunt:
891 1858 937 1915 si
967 1857 1239 1929 irascare,
1272 1854 1503 1929 adgnita
1532 1853 1837 1912 videntur?

233 1939 332 2000 35.
377 1938 532 1998 <Non
581 1939 798 2015 attingo
843 1938 1133 2015 GraecOS,
1189 1954 1427 2016 quorum
1468 1952 1582 1994 non
1622 1934 1791 1994 modo
1839 1935 2091 2012 libertaS,

103 2025 282 2082 etiam
311 2021 487 2082 libido
527 2023 826 2099 impunita;
875 2031 967 2082 aut
1006 2023 1056 2084 si
1086 2023 1212 2101 quis
1256 2020 1525 2095 advertit,
1574 2019 1738 2078 dictis
1768 2019 1915 2078 dicta
1944 2018 2092 2077 ultus

99 2115 220 2166 est.
263 2106 366 2166 sed
393 2106 635 2164 maxime
666 2105 912 2164 solutum
945 2115 1001 2164 et
1037 2107 1161 2164 sine
1191 2103 1587 2163 obtrectatore
1612 2102 1717 2162 fuit
1738 2102 1988 2181 prodere
2022 2101 2093 2161 de

95 2193 207 2261 iis,
245 2204 392 2261 quos
419 2204 572 2245 mors
606 2188 736 2246 odio
770 2196 862 2247 aut
893 2189 1116 2264 gratiae
1149 2188 1479 2248 exemisset.
1543 2205 1675 2247 num
1696 2187 1843 2245 enim
1866 2185 2092 2245 armatis

97 2268 321 2331 Cassio
367 2278 422 2327 et
461 2269 633 2328 Bruto
678 2287 746 2330 ac
787 2269 1190 2349 Philippenses
1237 2286 1472 2349 campos
1523 2269 1914 2349 optinentibus
1956 2269 2141 2328 belli5

97 2351 301 2415 civilis
335 2370 506 2411 causa
540 2353 810 2431 populum
840 2372 945 2432 per
981 2356 1280 2414 contiones
1310 2352 1595 2415 incendo?
1636 2372 1706 2413 an
1746 2353 1829 2412 illi
1871 2353 2095 2430 quidem

99 2436 638 2515 septuagensimum
677 2446 805 2496 ante
851 2456 1052 2497 annum
1096 2442 1369 2518 peremti,
1413 2457 1525 2517 quo
1556 2437 1728 2498 modo
1759 2436 2095 2512 imaginibus

100 2522 232 2582 suis
277 2529 620 2597 noscuntur,
664 2538 804 2598 quas
845 2540 917 2603 ne
959 2525 1146 2583 victor
1171 2525 1397 2602 quidem
1430 2522 1713 2597 abolevit,
1758 2521 1841 2579 sic
1876 2528 2094 2597 partem

99 2604 424 2666 memoriae
455 2603 603 2681 apud
627 2605 944 2682 scriptores
967 2606 1261 2668 retinent?
1290 2625 1449 2668 suum
1474 2607 1678 2682 cuique
1698 2604 1875 2664 decus
1901 2610 2092 2679 poste-

99 2688 252 2748 ritas
273 2687 568 2765 rependit;
602 2705 713 2746 nec
737 2687 996 2766 deerunt,
1028 2694 1075 2750 si
1101 2691 1380 2752 damnatio
1405 2686 1634 2767 ingruit,
1665 2688 1897 2767 quinon
1917 2684 2159 2744 modom

103 2768 300 2830 Cassii
346 2780 403 2830 et
461 2769 620 2831 Bruti
677 2780 766 2830 set
815 2775 982 2832 etiam
1032 2777 1142 2834 mei
1181 2777 1581 2836 meminerint?
1643 2787 1915 2848 egressus
1959 2769 2091 2828 dein

103 2862 314 2914 senatu
360 2856 528 2914 vitam
577 2852 918 2914 abstinentia
962 2859 1155 2917 finivit.
1215 2859 1395 2918 libros
1437 2876 1543 2936 per
1579 2855 1797 2915 aediles
1837 2869 2088 2913 creman-

105 2937 220 2997 dos
271 2956 550 2997 censuere
593 2946 815 3016 patres:
865 2948 952 2999 set
993 2951 1318 3001 manserunt
1349 2941 1617 3001 occultati
1661 2947 1716 2996 et
1764 2935 1915 2995 editi.
1976 2952 2087 3014 quo

55 3051 68 3066 ·
97 3022 296 3095 magis
326 3023 652 3082 socordiam
685 3039 881 3081 eorum
911 3024 1159 3084 inridere
1190 3025 1351 3101 libet,
1383 3027 1476 3102 qui
1514 3021 1801 3121 praesenti
1831 3019 2101 3098 potentia

103 3103 349 3165 credunt
378 3107 638 3182 extingui
673 3123 851 3184 posse
879 3109 1045 3166 etiam
1077 3109 1371 3187 sequentis
1399 3109 1525 3167 aevi
1555 3105 1901 3164 memoriam.
1959 3120 2084 3162 nam
2107 3120 2153 3160 15

103 3196 314 3248 contra
347 3190 554 3266 punitis
590 3190 835 3265 ingeniis
865 3190 1060 3267 gliscit
1091 3193 1435 3267 auctoritas,
1464 3207 1649 3266 neque
1686 3187 1837 3247 aliud
1866 3187 2126 3247 externi

99 3288 286 3348 reges
318 3281 412 3331 aut
440 3274 535 3351 qui
567 3272 767 3332 eadem
804 3273 1040 3336 saevitia
1082 3278 1167 3336 usi
1211 3284 1371 3349 sunt,
1414 3273 1522 3333 nisi
1568 3271 1817 3330 dedecus
1858 3271 1964 3329 sibi
2004 3280 2084 3329 at·

99 3372 248 3433 que
257 3354 370 3414 illis
396 3355 641 3431 gloriam
671 3353 978 3435 peperere.

239 3437 338 3500 36.
379 3437 649 3499 Ceterum
695 3440 1052 3518 postulandis
1098 3442 1214 3501 reis
1257 3449 1368 3501 tam
1413 3441 1711 3502 continuus
1756 3455 1933 3498 annus
1967 3437 2083 3514 fuit,

197 3541 373 3579 ‘mem
400 3543 538 3580 PARS
570 3543 608 3582 1.
1179 3585 1196 3596 ,
1733 3523 1771 3584 9
