2475 4000
404 215 483 277 26
884 222 1211 271 CORNELII
1243 224 1476 272 TACITI
1496 225 1870 273 -ANNALIUM

402 381 543 441 belli
571 381 770 455 timor,
818 397 887 438 ac
929 396 1000 437 ne
1042 396 1158 456 pax
1202 373 1428 456 quidem
1470 379 1577 438 nisi
1620 378 1886 455 languida
1925 389 1980 438 et
2021 379 2209 438 soluta
2235 381 2406 438 inter

400 463 970 524 temulentos..
1315 499 1320 503 -

524 549 623 607 51.
666 544 881 605 Caesar
910 543 1107 604 avidas
1134 544 1435 621 legiones,
1481 563 1594 643 quo
1639 545 1806 606 latior
1860 545 2156 624 populatio
2205 545 2400 620 foret,

401 639 665 712 quattuor
705 630 762 688 in
806 645 1021 688 cuneos
1064 627 1358 706 dispertit,
1422 629 1830 708 quinquaginta
1880 628 2093 688 milium
2136 629 2400 705 spatium

307 763 311 772 .
400 717 556 790 ferro
589 713 938 789 flammisque
973 719 1282 791 pervastat.
1338 730 1455 773 non
1493 730 1684 787 sexuS,
1714 729 1830 770 non
1862 721 2022 772 aetas
2051 712 2394 772 miseratio-

401 817 527 858 nem
562 795 1046 874 attulitzlprofana
1078 795 1243 853 simul
1273 804 1333 854 et
1363 813 1529 855 sacra
1561 805 1617 854 et
1643 795 2075 856 celeberrimum
2099 794 2216 854 illis
2241 813 2395 871 gen-

354 895 380 934 5
400 881 547 942 tibus
576 879 845 958 templum
879 879 1030 976 quod
1064 877 1370 938 Tamfanae
1394 878 1679 938 vocabant
1702 879 1832 938 solo
1863 887 2191 956 aequantur.
2259 880 2398 938 sine

397 965 635 1025 vulnere
667 963 892 1038 milites,
930 962 1025 1039 qui
1052 962 1451 1039 semisomnoS,
1482 962 1732 1021 inermos
1761 970 1854 1021 aut
1877 961 2122 1040 palantis
2152 961 2396 1020 cecide-

397 1057 541 1108 rant.
601 1047 810 1106 excivit
840 1063 907 1105 ea
942 1045 1151 1105 caedes
1178 1043 1512 1122 Bructeros,
1548 1045 1874 1118 Tubantes,
1917 1045 2225 1123 Usipetes:
2273 1045 2396 1104 sal-

397 1141 602 1209 tusque
635 1149 740 1209 per
770 1148 915 1208 quos
952 1129 1229 1188 exercitui
1261 1147 1565 1206 regressus
1597 1127 1884 1188 insedere.
1953 1128 2108 1206 quod
2141 1146 2396 1204 gnarum

398 1216 527 1276 duci
558 1216 905 1290 incessitque
934 1213 1121 1272 itineri
1157 1221 1214 1271 et
1238 1213 1484 1292 proelio.
1535 1229 1670 1290 pars
1697 1214 1946 1289 equitum
1969 1220 2026 1270 et
2047 1210 2394 1270 auxiliariae

330 1312 378 1352 ιο
400 1299 672 1359 cohortes
702 1296 1003 1371 ducebant,
1033 1313 1168 1370 mox
1198 1297 1378 1374 prima
1406 1296 1597 1372 legin,
1643 1305 1701 1355 et
1727 1295 1928 1354 mediis
1960 1295 2394 1372 impedimentis

398 1381 683 1441 sinistrum
727 1380 873 1438 latus
921 1381 1462 1456 unetvicensimani,
1508 1379 1766 1438 dextrum
1810 1379 2061 1456 quintani
2090 1377 2388 1452 clausere,

396 1463 705 1524 vicensima
749 1462 907 1538 legio
957 1467 1121 1538 terga
1164 1462 1435 1540 firmavit,
1485 1471 1618 1542 post
1665 1465 1843 1521 ceteri
1892 1463 2202 1521 sociorum.
2283 1461 2389 1520 sed

397 1548 627 1621 hostes,
670 1545 858 1604 donec
890 1562 1094 1620 agmen
1125 1563 1232 1622 per
1279 1545 1456 1605 saltus
1489 1547 1912 1624 porrigeretur,
1958 1547 2198 1621 immoti,
2253 1545 2388 1605 dein

398 1631 577 1690 latera
596 1637 667 1687 -et
698 1628 944 1688 frontem
974 1627 1197 1687 modice
1229 1627 1610 1705 adsultantes,
1652 1638 1770 1689 tota
1818 1629 1875 1686 vi
1915 1631 2271 1689 novissimos
2305 1631 2386 1686 in·

329 1727 379 1767 15
399 1731 650 1774 currere.
711 1711 1195 1789 turbabanturque
1240 1711 1435 1778 densis
1468 1712 1878 1773 Germanorum
1921 1713 2168 1772 catervis
2211 1712 2386 1771 leves

400 1797 691 1871 cohorteS,
732 1813 857 1855 cum
887 1793 1103 1855 Caesar
1139 1795 1414 1856 advectus
1441 1794 1512 1856 ad
1539 1798 1960 1856 vicensimanos
1991 1814 2139 1855 voce
2169 1813 2384 1873 magna

394 1880 509 1940 hoc
540 1880 679 1938 illud
720 1889 941 1959 tempus
988 1878 1380 1938 obliterandae
1424 1877 1718 1939 seditionis
1767 1878 2118 1939 clamitabat:
2165 1897 2382 1959 perge-

394 1973 539 2041 rent,
573 1973 951 2044 properarent
984 1964 1209 2043 culpam
1237 1964 1295 2022 in
1328 1962 1504 2024 decus
1533 1972 1786 2023 vertere.
1856 1980 2128 2023 exarsere
2177 1965 2382 2022 animis

392 2067 620 2127 unoque
651 2050 861 2126 impetu
892 2056 1221 2126 perruptum
1251 2048 1478 2107 hostem
1507 2047 1771 2124 redigunt
1798 2048 1856 2105 in
1880 2056 2078 2125 aperta
2106 2046 2380 2105 caedunt-

323 2139 377 2180 20
395 2151 533 2210 que:
568 2130 731 2189 simul
778 2133 941 2208 primi
998 2134 1238 2208 agminis
1301 2132 1504 2209 copiae
1561 2148 1804 2192 evasere
1847 2130 2022 2190 silvas
2067 2139 2379 2208 castraque

396 2217 834 2273 communivere.
898 2216 1143 2291 quietum
1189 2214 1319 2274 inde
1362 2212 1505 2292 iter,
1561 2213 1860 2291 fidensque
1916 2211 2253 2273 recentibus
2313 2231 2380 2271 ac

394 2297 645 2375 priorum
679 2294 887 2355 oblitus
917 2296 1083 2355 miles
1114 2300 1170 2356 in
1200 2298 1453 2358 hibernis
1486 2298 1726 2357 locatur.

516 2377 616 2439 52.
654 2377 918 2440 Nuntiata
948 2396 1016 2437 ea
1046 2379 1334 2441 Tiberium
1361 2381 1574 2441 laetitia
1609 2398 1863 2457 curaque
1896 2380 2200 2449 adiecere:
2231 2398 2377 2455 gau·
2448 2440 2449 2443 ,

324 2486 327 2496 ·
392 2460 563 2521 debat
590 2480 929 2540 oppressam
952 2461 1326 2537 seditionem,
1361 2463 1464 2522 sed
1493 2463 1990 2540 quod.largiendis
2025 2465 2291 2540 pecuniis
2323 2470 2380 2518 et
2448 2458 2449 2486 ³

388 2546 660 2606 missione
692 2544 957 2603 festinata
978 2544 1238 2603 favorem
1274 2543 1508 2615 militum
1539 2546 1952 2621 quaesivisset,
1987 2543 2202 2604 bellica
2237 2561 2377 2621 quo·

391 2626 501 2705 que
531 2626 851 2688 Germanici
882 2625 1070 2702 gloria
1103 2625 1438 2701 augebatur.
1509 2626 1726 2685 rettulit
1769 2635 1958 2694 tamen
2001 2626 2070 2686 ad
2115 2638 2378 2687 senatum

338 2731 363 2771 5
388 2711 458 2769 de
486 2710 663 2769 rebus
691 2710 873 2785 gestis
913 2707 1201 2784 multaque
1245 2708 1315 2767 de
1357 2709 1564 2767 virtute
1609 2710 1731 2767 eius
1775 2711 2142 2787 memoravit,
2189 2711 2378 2787 magis

388 2796 445 2852 in
475 2794 731 2872 speciem
762 2790 957 2851 verbis
988 2789 1258 2850 adornata
1289 2808 1453 2869 quam
1483 2801 1541 2851 ut
1570 2794 1798 2870 penitus
1844 2795 2056 2852 sentire
2104 2756 2377 2853 ‹gredere-

386 2886 495 2936 tur.
546 2874 913 2955 paucioribus
941 2873 1184 2934 Drusum
1220 2884 1280 2933 et
1310 2875 1478 2935 linem
1504 2874 1720 2950 Illyrici
1748 2886 1934 2936 motus
1965 2876 2236 2953 laudavit,
2273 2874 2378 2935 sed
2445 2916 2447 2929 ,

386 2961 655 3020 intentior
705 2967 761 3016 et
814 2956 923 3016 lida
965 2957 1248 3017 oratione.
1319 2968 1638 3037 cunctaque
1683 2977 1829 3036 quae
1874 2959 2245 3020 Germanicus
2295 2963 2374 3018 in·
2445 2978 2447 3010 ι

387 3043 664 3117 dulserat,
697 3041 951 3100 servavit
978 3040 1144 3101 etiam
1175 3042 1325 3121 apud
1355 3042 1716 3103 Pannonicos
1751 3044 2062 3102 exercitus

448 3176 451 3183 .
510 3125 611 3187 53.
648 3086 877 3183 ’Eodem
912 3141 1058 3184 anno
1088 3123 1230 3185 Iulia
1264 3144 1588 3203 supremum
1624 3125 1773 3184 diem
1805 3125 1972 3204 obiit,
2019 3126 2093 3186 ob
2131 3126 2369 3206 impudi-

389 3209 574 3268 citiam
606 3206 741 3267 olim
771 3225 803 3265 a
845 3215 1007 3284 patre
1036 3207 1301 3284 Augusto
1331 3208 1666 3269 Pandateria
1710 3209 1927 3287 insula,
1971 3228 2108 3270 mox
2151 3210 2370 3290 oppido

385 3292 765 3367 Reginorum,
800 3290 895 3367 qui
926 3290 1175 3351 Siculum
1217 3292 1423 3351 fretum
1453 3291 1754 3368 accolunt,
1800 3292 2016 3353 clausa.
2080 3294 2272 3355 suerat
2317 3294 2368 3349 in
2443 3350 2445 3361 ,

386 3374 739 3435 matrimonio
792 3367 1033 3434 Tiberii
1063 3375 1400 3435 florentibus
1453 3373 1594 3434 Gaio
1667 3384 1725 3434 et
1779 3375 1956 3437 Lucio
2019 3375 2368 3437 Caesaribus
2443 3410 2445 3461 i

336 3478 364 3517 ⁵
387 3466 801 3536 spreveratque
834 3467 891 3518 ut
920 3460 1209 3537 inparem;
1247 3476 1361 3523 nec
1402 3457 1514 3518 alia
1553 3465 1666 3519 tam
1707 3460 1900 3521 intima
1927 3458 2160 3521 Tiberio
2197 3476 2365 3521 causa
2443 3500 2445 3535 ,
