2475 4000
304 202 380 260 14
802 208 1133 256 CORNELII
1156 208 1390 256 TAcrrl
1413 208 1776 267 ANNALIUM

277 366 471 426 -tionis
504 363 867 442 invidiaeque
910 365 1187 439 concivit,
1234 370 1292 422 ut
1333 380 1469 442 pars
1505 349 1740 422 militum
1785 357 2148 438 gladiatores
2195 359 2303 438 qui

222 474 277 528 ,⁵
304 468 339 508 e
360 449 609 528 ⁴servitio
636 447 829 507 Blaesi
858 457 1055 523 erant,
1088 465 1223 526 pars
1259 456 1512 517 ceteram
1555 446 1810 505 eiusdem
1850 445 2120 504 familiam
2165 447 2305 503 vin-

305 534 506 606 cirent,
542 531 637 590 alii
675 532 746 590 ad
782 531 1169 610 quaerendum
1204 547 1416 608 corpus
1450 529 1895 590 effunderentur.
1961 547 2030 588 ac
2057 530 2116 586 ni
2149 545 2307 606 pro-

305 633 449 693 pere
478 629 671 693 neque
698 633 913 693 corpus
944 615 1118 675 ιιΙΙιιιιι
1147 615 1414 692 reperiri,
1447 624 1508 673 et
1535 630 1742 673 servos
1775 611 2040 672 adhibitis
2064 612 2308 672 erucia-

303 699 455 758 tibus
476 698 731 760 abnuere
770 700 1029 774 caedem,
1060 716 1251 776 neque
1282 698 1364 757 illi
1396 698 1578 756 fuisse
1607 705 1870 774 umquam
1892 696 2129 756 fratrem
2152 714 2306 782 per-

304 773 609 857 uetuisset,
640 783 792 842 haud-
822 783 1057 842 multum
1084 781 1156 840 ab
1186 783 1364 842 exitio
1395 782 1572 858 legati
1595 779 1852 840 aberant.
1914 772 2174 839 tribun'os
2212 789 2306 838 ta-

236 886 285 927 ιο
303 884 433 938 men
460 885 532 926 ac
559 867 915 944 praefectum
952 868 1269 926 castrorum
1301 875 1625 939 extrusere,
1663 865 1923 924 sarcinae
1954 863 2309 942 fugientium

304 951 585 1031 direptae,
614 959 672 1009 et
704 951 961 1010 centurio
988 948 1235 1008 Lucilius
1277 949 1645 1022 interficitur,
1695 949 1786 1008 cui
1826 947 2166 1006 militaribus
2213 947 2308 1006 fa·

307 1036 469 1093 cetiis
500 1033 844 1094 vocabulum
877 1035 906 1098 ,θ
924 1033 1071 1092 cedo
1103 1033 1378 1092 alteram’
1411 1032 1760 1107 indiderant,
1800 1033 1932 1110 quia
1965 1031 2150 1093 fracta
2171 1031 2308 1089 vite

306 1121 361 1177 iu
390 1127 555 1194 tergo
586 1118 779 1176 militis
806 1117 1046 1178 alteram
1076 1117 1232 1176 clara
1263 1133 1414 1176 voce
1443 1133 1514 1176 ac
1539 1133 1734 1174 rursus
1775 1115 1944 1174 aliam
1984 1113 2306 1192 poscebat.

308 1212 541 1262 ceteros
570 1201 830 1264 latebrae
861 1209 1088 1276 texere,
1118 1217 1231 1260 uno
1256 1208 1482 1260 retento
1511 1196 1812 1258 Clemente
1833 1197 1999 1276 Iulio,
2031 1199 2127 1276 qui
2156 1215 2308 1276 per-

166 1334 175 1344 ,
240 1308 287 1349 15
310 1284 565 1345 ferendis
612 1284 849 1343 militum
886 1285 1165 1344 mandatis
1205 1283 1524 1343 habebatur
1559 1283 1800 1342 idoneus
1839 1281 1914 1341 ob
1968 1291 2310 1359 promptum

307 1368 610 1444 ingenium.
674 1368 807 1444 quin
836 1369 1000 1444 ipsae
1032 1369 1181 1426 inter
1213 1384 1280 1425 se
1309 1368 1572 1454 legiones
1605 1375 1810 1424 octava
1853 1375 1910 1424 et
1955 1367 2147 1444 quinta
2192 1365 2308 1424 de-

310 1468 471 1511 cuma
495 1450 713 1508 ferrum
745 1449 1055 1527 parabant,
1096 1450 1227 1509 dum
1259 1437 1648 1509 centurionem
1685 1458 2070 1547 cognomento
2110 1449 2310 1526 Sirpi-

310 1553 437 1594 cum
468 1532 567 1592 illa
594 1535 763 1593 morti
792 1532 1078 1608 deposcit,
1114 1533 1602 1610 quintadecumani
1627 1542 1874 1608 tuentur,
1906 1534 1962 1591 ni
1991 1531 2160 1590 miles
2191 1549 2310 1590 no-

307 1636 485 1677 nanus
517 1633 729 1695 preces
757 1625 816 1674 et
845 1616 1150 1675 adversum
1180 1619 1538 1694 aspernantis
1569 1618 1748 1676 minas
1779 1617 2186 1676 interiecisset.

426 1701 524 1758 24⁴.
570 1699 731 1758 Haec
748 1699 951 1758 audita
984 1717 1322 1778 quamquam
1345 1699 1667 1759 abstrusum
1691 1709 1749 1760 et
1769 1701 2090 1759 tristissima
2117 1717 2310 1776 quae·

308 1801 419 1863 que
472 1784 716 1842 maxime
778 1783 1163 1843 occultantem
1220 1780 1508 1842 Tiberium
1562 1777 1880 1863 perpulere
1933 1793 1996 1842 ut
2045 1783 2310 1842 Drusum

309 1867 481 1927 filium
512 1883 638 1925 cum
668 1867 1011 1945 primoribus
1050 1868 1294 1927 civitatis
1323 1866 1655 1945 duabusque
1691 1868 1998 1946 praetoriis
2043 1867 2310 1926 cohorti·

308 1951 415 2011 hus
448 1952 717 2027 mitteret,
750 1951 921 2011 nullis
948 1953 1087 2013 satis
1115 1953 1290 2011 certis
1321 1951 1628 2027 mandatis,
1668 1969 1745 2011 ex
1785 1969 1852 2011 re
1883 1951 2307 2011 consulturum.

266 2059 290 2098 5
316 2046 375 2095 et
422 2036 695 2096 cohortes
734 2036 969 2097 delecto
1015 2030 1196 2096 milite
1240 2054 1415 2114 supra
1456 2036 1685 2095 solitum
1731 2036 2004 2095 firmatae.
2073 2034 2311 2095 additur

310 2134 509 2196 magna
543 2136 677 2197 pars
712 2122 1057 2196 praetoriani
1104 2121 1312 2197 equitis
1355 2128 1415 2178 et
1459 2118 1672 2187 robora
1703 2118 2142 2192 Germanorum,
2201 2121 2312 2195 qui

311 2214 427 2262 tum
458 2202 730 2261 custodes
760 2204 1095 2280 imperatori
1130 2203 1395 2280 aderaut3
1450 2204 1616 2263 simul
1647 2204 1924 2281 praetorii
1961 2202 2308 2281 praefectus

310 2285 513 2344 Aelius
542 2286 806 2360 Seianus,
838 2285 1069 2363 collega
1094 2287 1366 2346 Straboni
1388 2288 1536 2365 patri
1561 2304 1668 2345 suo
1691 2287 1878 2363 datuS,
1913 2303 2119 2363 magna
2143 2286 2306 2363 apud

310 2369 599 2429 Tiberium
646 2371 1016 2445 auctoritate,
1074 2380 1272 2429 rector
1328 2371 1518 2439 iuveni
1558 2380 1616 2429 et
1658 2371 1872 2429 ceteris
1909 2369 2308 2447 periculorum

149 2493 155 2503 ι
242 2475 291 2515 ιο
311 2456 809 2533 praemiorumque
850 2462 1188 2513 ostentator.
1263 2453 1455 2512 Druso
1523 2454 1928 2532 propinquanti
1983 2453 2144 2533 quasi
2191 2470 2312 2529 per

311 2538 563 2597 officium
594 2538 803 2597 obviae
832 2538 995 2597 fuere
1028 2537 1318 2612 legiones,
1351 2554 1463 2595 non
1493 2536 1701 2616 laetae,
1734 2546 1795 2596 ut
1825 2537 2072 2611 adsolet,
2104 2554 2306 2613 neque

227 2642 236 2647 ¹
311 2622 625 2707 insignibus
658 2622 969 2699 fulgentes,
1006 2622 1111 2681 sed
1139 2619 1352 2679 inluvie
1385 2620 1629 2679 deformi
1660 2630 1718 2679 et
1749 2621 1925 2695 vultu,
1960 2636 2306 2697 quamquam

310 2692 648 2765 maestitiam
690 2707 1060 2781 imitarentur,
1094 2700 1487 2767 contumaciae
1517 2706 1848 2783 propiores.

436 2790 535 2848 25.
574 2790 883 2867 Postquam
914 2788 1124 2847 vallum
1154 2787 1396 2863 introiit,
1427 2796 1628 2867 portas
1673 2787 2010 2849 stationibus
2055 2787 2304 2862 firmant,

276 2872 523 2971 'globos
570 2882 911 2933 armatorum
958 2872 1135 2931 certis
1178 2880 1495 2951 castrorum
1545 2872 1692 2931 locis
1747 2872 2006 2950 opperiri
2066 2870 2302 2929 iubent·

314 2958 494 3017 ceteri
523 2956 769 3016 tribunal
798 2956 1013 3031 ingenti
1048 2946 1275 3032 agmine
1321 2956 1784 3015 circumveniunt.
1844 2954 2030 3015 stabat
2076 2955 2306 3014 Drusus

314 3040 598 3102 silentium
626 3056 791 3099 manu
821 3053 1093 3123 poscens.
1154 3039 1237 3099 illi
1271 3041 1536 3119 quotiens
1561 3039 1768 3099 oculos
1795 3039 1867 3098 ad
1889 3038 2304 3098 multitudinem

269 3150 293 3189 5
315 3124 687 3199 rettulerant,
736 3117 979 3183 vocibus
1018 3124 1356 3185 truculentis
1392 3133 1692 3202 strepere,
1741 3140 1963 3185 rursum
1991 3123 2118 3181 viso
2149 3120 2302 3181 Cae-

315 3226 445 3267 sare
482 3207 802 3285 trepidare:
850 3224 1096 3265 murmur
1126 3207 1436 3284 incertum,
1479 3216 1646 3266 atrox
1691 3206 1908 3265 clamor
1955 3216 2014 3265 et
2051 3196 2306 3284 repente

314 3293 507 3368 quies;
557 3292 803 3351 diversis
848 3291 1158 3350 animorum
1220 3290 1470 3351 motibus
1523 3288 1809 3368 pavebant
1865 3290 2300 3367 terrebantque.

214 3384 231 3401 ²
313 3373 541 3435 tandem
572 3377 890 3453 interrupto
918 3374 1155 3435 tumultu
1187 3374 1384 3434 literas
1421 3374 1596 3451 patris
1627 3375 1871 3451 recitat,
1880 3375 1970 3433 ·in
2005 3375 2132 3453 quis
2163 3390 2302 3453 per-

313 3458 585 3535 scriptum
622 3467 776 3535 erat,
822 3460 1189 3538 praecipuam
1232 3459 1346 3535 ipsi
1393 3456 1826 3523 fortissimarum
1869 3457 2158 3535 legionum
2203 3474 2304 3516 cu-
