2475 4000
430 270 433 272 ,
499 229 714 276 LIBER
737 229 829 277 Ἦ.
865 229 1012 277 οΑΡ.
1043 227 1289 282 52—56
1324 201 1645 300 (46-2—50).
1946 217 2067 278 177

92 389 356 460 spectare
398 385 511 443 iam
553 398 623 443 se
663 385 851 444 aerius
897 384 1219 461 servitium,
1266 402 1455 462 eoque
1494 384 1701 461 sugere
1746 382 1911 443 simul
1940 391 2068 444 acta
2086 396 2144 452 ιε,

88 473 145 522 et
179 467 463 527 instantia.
525 467 672 526 haec
715 470 866 528 vatis
910 457 971 528 in·
1015 468 1240 528 modum
1278 467 1551 527 'dictitans
1593 484 1771 526 venas
1806 467 2075 527 resolvit.

91 547 430 610 documento
459 552 760 630 sequentia
791 559 957 611 erunt
989 551 1142 611 bene
1169 551 1497 612 Arruntium
1528 559 1715 609 morte
1746 567 1924 609 usum.
1968 549 2073 609 Al·

90 629 295 692 bucilla
339 635 510 694 inrito
552 635 670 694 ictu
715 633 786 693 ab
827 644 1013 695 semet
1046 635 1353 695 vulnerata*
1385 636 1541 694 iussu
1584 642 1815 692 sena-tus
1844 635 1900 692 in
1946 651 2073 692 car·-

93 731 276 776 cerem
318 718 523 779 fertur.
593 727 920 798 stuprorum
967 720 1090 778 eius
1135 719 1405 796 ministri,
1454 715 1749 777 Carsidius
1782 717 2071 776 Sacerdos

87 803 404 875 praetorius
443 811 503 861 ut
547 804 603 862 in
650 803 889 863 insulam
933 799 1367 883 deportaretur,
1411 801 1647 864 Pontius
1688 799 2179 876 Fregellanusw-

91 885 366 945 amitteret
398 885 655 947 ordinem
687 888 1061 962 senatorium,
1101 895 1160 946 et
1191 877 1429 945 eaedem
1464 903 1693 964 poenae
1726 886 1784 943 in
1821 882 2071 943 Laelium
2126 905 2133 918 ¹

87 963 311 1029 Balbum
354 969 774 1046 decernuntur,
825 970 904 1029 idv
928 969 1154 1048 quidem
1185 988 1218 1029 a
1259 968 1631 1047 laetantibus,
1682 968 1814 1046 quia
1860 965 2071 1026 Balbus

89 1053 224 1109 truci
262 1053 603 1132 eloquentia
631 1053 984 1132 habebatur,
1017 1059 1317 1135 promptus
1352 1053 1653 1113 adversum
1687 1054 1967 1112 insontes,
2104 1112 2116 1127 .

200 1137 536 1216 55.,Isdem
578 1137 781 1197 diebus
813 1139 952 1197 Sex.
985 1138 1254 1216 Papinius
1286 1136 1576 1197 consulari
1602 1136 1817 1195 familia
1850 1151 2057 1214 repen·
2070 1142 2139 1197 4⁸

29 1291 39 1299 .
88 1215 252 1278 tinum
275 1232 335 1281 et
355 1222 660 1297 informem
683 1223 897 1282 exitum
928 1220 1166 1298 delegit,
1200 1223 1353 1280 iacto
1384 1222 1442 1279 iu
1476 1237 1767 1300 praeceps
1796 1235 2073 1296 corpore.

90 1317 250 1362 causa
278 1305 353 1365 ad
385 1313 626 1364 matrem
658 1304 1054 1380 referebatur,
1091 1321 1240 1382 quae
1272 1304 1491 1384 pridem
1534 1303 1832 1384 repudiata
1868 1301 2069 1361 adsen—

85 1386 388 1450 tationibus
439 1397 610 1468 atque
644 1389 781 1448 luxu
827 1389 1182 1468 perpulisset
1220 1389 1484 1448 iuvenem
1515 1388 1586 1448 ad
1618 1405 1688 1446 ea
1718 1384 1955 1467 quor'um
1988 1385 2073 1443 es-

84 1464 292 1544 fugiu'm
333 1490 452 1533 non
492 1475 600 1532 nisi
639 1481 828 1532 morte
867 1474 1168 1532 inveniret.
1237 1473 1417 1549 igitur
1447 1479 1713 1534 accusata
1755 1472 1813 1530 in
1844 1477 2065 1546 senatu,
2091 1488 2117 1526 5

88 1565 422 1634 quamquam
451 1573 640 1633 genua
671 1565 892 1635 patrum
924 1554 1332 1616 advolveretur
1362 1557 1689 1635 luctumque
1720 1571 2075 1614 communem

89 1642 146 1713 et¹
167 1642 354 1716 magis
395 1639 726 1700 inbecillum
767 1641 868 1699 tali
908 1659 1084 1723 super
1124 1657 1261 1700 casu
1303 1639 1635 1700 feminarum
1664 1640 1905 1698 animum
1933 1636 2073 1694 alia-

88 1732 190 1793 que
217 1723 276 1782 in
307 1724 552 1784 eundem
583 1723 844 1785 dolorem
873 1733 1090 1784 maesta
1121 1733 1180 1784 et
1207 1723 1531 1784 miseranda
1558 1723 1653 1782 diu
1686 1723 1898 1798 ferret,
1929 1718 2073 1779 urbe

85 1807 265 1865 tamen
295 1809 356 1868 in
386 1808 802 1868 decensannos
834 1807 1120 1889 prohibita
1151 1817 1259 1886 est,
1294 1807 1479 1868 donec
1507 1809 1691 1866 minor
1720 1806 1871 1866 lilius
1898 1802 2073 1864 lubri÷

86 1899 204 1946 cum
236 1891 507 1953 iuventae
537 1894 745 1953 exiret.
1149 1917 1160 1938 -·
1532 1935 1539 1939 -
2089 1909 2139 1948 ιο

204 1973 304 2035 56.
358 1976 476 2038 Iam
511 1977 801 2039 Tiberium
829 1993 1066 2057 corpus,
1111 1975 1223 2035 iam
1254 1974 1448 2049 vires,
1474 1970 1720 2033 nondum
1752 1969 2136 2031 dissimula-⁵⁰

83 2052 159 2112 tio
189 2055 532 2122 deserebat:
579 2062 730 2121 idem
761 2062 928 2120 animi
965 2061 1163 2137 rigon
1215 2074 1481 2117 sermone
1519 2073 1591 2116 ac
1622 2054 1781 2114 vultu
1826 2055 2071 2113 intentus
2191 2048 2197 2064 “

80 2144 336 2212 quaesita
373 2145 655 2204 interdum
689 2146 959 2204 comitate
989 2144 1248 2221 quamvis
1292 2141 1649 2201 manifestam
1688 2136 2073 2199 defectionem

77 2221 339 2311 tegebat.
398 2229 742 2305 mutatisque
783 2228 1016 2307 saepius
1061 2227 1210 2287 locis
1264 2225 1491 2307 tandem
1534 2222 1685 2305 apud
1742 2228 2071 2302 promuntu-

77 2303 218 2363 rium
261 2305 470 2369 Miseni
515 2311 778 2372 consedit
820 2312 878 2369 in
907 2311 1075 2387 villa,
1121 2308 1216 2371 eui
1256 2310 1317 2370 L.
1347 2308 1615 2369 Lucullus
1647 2305 1940 2386 „quondam
1968 2304 2113 2369 ἀει-5

79 2388 278 2449 minus.
340 2394 462 2454 illic
517 2412 644 2453 eum
685 2394 1152 2475 adpropinquare
1209 2394 1493 2473 supremis
1544 2392 1647 2451 tali
1696 2390 1866 2451 modo
1918 2406 2069 2455 com-

81 2482 320 2546 pertum.
379 2486 504 2538 erat
545 2478 800 2539 medicus
843 2487 965 2538 arte
1005 2479 1280 2556 insignis,
1316 2479 1543 2538 nomine
1575 2474 1911 2549 Charicles,
1955 2488 2073 2531 non

82 2556 306 2630 quidem
355 2580 570 2639 regere
612 2563 974 2624 valetudines
1017 2564 1297 2644 principis
1338 2560 1577 2637 solitus,
1618 2556 1842 2619 consilii
1884 2563 2072 2614 tamen

87 2643 306 2719 copiam
339 2642 648 2725 praebere.
707 2648 758 2705 is
799 2646 958 2707 velut
997 2650 1233 2728 propria
1275 2646 1347 2705 ad
1376 2645 1613 2722 negotia
1653 2639 1987 2717 digrediens
2016 2646 2075 2697 et

87 2738 186 2797 per
225 2732 486 2809 speciem
529 2731 708 2791 oflicii
759 2748 979 2790 manum
1025 2731 1369 2810 complexus
1411 2728 1633 2809 pulsum
1674 2740 1947 2811 venarum
1990 2730 2141 2790 at-‚m

86 2804 220 2881 tigit,
270 2832 460 2894 neque
491 2814 730 2875 fefellit:
761 2832 890 2874 nam
919 2814 1214 2891 Tiberius,
1257 2816 1535 2874 incertum
1568 2829 1639 2871 an
1671 2810 1925 2870 offensus
1952 2815 2081 2871 tant

89 2893 254 2969 ioque
294 2900 479 2975 magis
519 2899 662 2957 iram
705 2917 1007 2978 premens,
1049 2898 1351 2958 instaurari
1390 2896 1593 2977 epulas
1633 2896 1791 2956 iubet
1832 2892 2071 2952 discum-

90 2967 273 3053 bitque
311 2982 460 3043 ultra
491 2983 756 3059 solitum,
801 2984 963 3062 quasi
1006 2982 1212 3043 honori
1260 2981 1523 3041 abeuntis
1566 2979 1733 3038 amici
1772 2975 2071 3035 tribueret.

89 3050 381 3125 Charicles
422 3075 615 3127 tamen
666 3066 782 3127 labi
831 3067 1089 3145 spiritum
1129 3084 1243 3125 nec
1286 3065 1431 3125 ultra
1479 3063 1709 3123 biduum
1750 3060 2073 3120 duraturum

89 3134 338 3209 Macroni
387 3152 648 3212 firmavit.
687 3150 839 3211 .inde
886 3159 1089 3210 cuncta
1139 3148 1463 3227 conloquiis
1508 3150 1657 3207 inter
1706 3150 2070 3225 praesentes,
2091 3156 2145 3197 15
2233 3218 2241 3227 ι

90 3231 285 3291 nuntiis
329 3237 480 3314 apud
527 3236 760 3314 legatos
807 3244 866 3295 et
919 3230 1705 3295 exercitus1festinabantur.
1772 3228 2073 3307 septimum

93 3302 358 3389 decimum
392 3318 512 3379 kal.
555 3320 776 3401 Aprilis
818 3319 1132 3379 interclusa
1173 3316 1357 3377 anima
1404 3314 1654 3377 creditus
1692 3320 1782 3373 est
1822 3311 2070 3371 mortali-

93 3392 250 3481 tatem
280 3403 650 3482 explevisse3
699 3413 757 3464 et
793 3403 969 3463 multo
1011 3411 1337 3481 gratantum
1380 3416 1673 3460 concursu·
1690 3396 1763 3456 ad
1794 3393 2073 3474 capienda

91 3484 300 3553 ¹¹¹¹perii
347 3488 660 3563 primordia
700 3488 874 3549 Gaius
921 3486 1138 3549 Caesar
1182 3482 1617 3564 egrediebatur,
1667 3498 1794 3541 cum
1831 3485 2073 3562 repente

167 3579 343 3629 urm
371 3590 512 3631 muts
541 3592 588 3635 1.
867 3582 877 3592 “
1677 3564 1756 3629 12
