2475 4000
737 228 946 274 LIBER
967 226 1071 273 111.
1106 225 1523 288 ‹mega—62.
2004 216 2123 277 105

141 400 172 443 e
203 384 452 461 paternis
487 379 744 440 consiliis
767 379 1016 439 discere.
1069 398 1210 439 sane
1237 390 1575 457 gravaretur
1597 392 1893 462 aspectum
1920 383 2123 442 civium

139 485 318 526 senex
348 468 662 543 imperator
699 464 1034 542 fessamque
1070 473 1319 524 aetatem
1366 474 1425 523 et
1464 474 1626 525 actos
1669 465 1903 527 labores
1952 484 2121 545 prae-

137 551 430 610 tenderet:
463 548 654 607 Druso
687 548 840 625 quod
871 550 978 607 nisi
1009 566 1084 607 ex
1111 549 1447 626 adrogantia
1474 548 1973 627 impedimentum?
2144 572 2193 611 15
2292 582 2295 585 ·

259 634 358 694 60.
402 632 522 693 Sed
565 631 866 707 TiberiuS,
905 633 1018 691 vim
1063 632 1419 710 principatus
1470 632 1577 691 sibi
1618 632 1873 709 firmans,
1926 636 2121 711 imagi-

139 717 262 777 nem
303 717 650 794 antiquitatis
691 716 912 775 senatui
961 714 1313 793 praebebat,
1369 717 1659 795 postulata
1705 718 2122 795 provinciarum

137 803 203 861 ad
237 801 694 880 disquisitionem
716 808 940 877 patrum
963 800 1261 859 mittendo.
1328 800 1749 860 crebrescebat
1770 802 1919 859 enim
1948 800 2121 861 Grae-

134 904 227 945 cas
261 904 368 963 per
401 883 578 942 urbes
611 883 845 943 licentia
873 892 1045 962 atque
1075 884 1379 961 impunitas
1424 885 1586 959 asyla
1632 885 1945 952 statuendi3
1992 902 2122 943 con·

132 969 434 1048 plebantur
462 967 676 1045 templa
705 968 974 1045 pessimis
1017 968 1412 1037 servitiorum3
1460 966 1667 1027 eodem
1714 967 1971 1027 subsidio
2022 967 2171 1026 oh-5

131 1054 312 1112 aerati
341 1052 648 1111 adversum
679 1050 1004 1111 creditores
1035 1053 1415 1129 suspectique
1462 1050 1787 1129 capitalium
1835 1052 2125 1111 criminum

128 1135 599 1214 receptabantur.
661 1153 772 1193 nec
799 1135 978 1195 ullum
1008 1136 1146 1195 satis
1180 1135 1430 1195 validum
1472 1128 1771 1214 imperium
1804 1144 1929 1196 erat
1958 1152 2125 1195 coer-

129 1217 740 1295 cendisseditionibus
774 1218 1010 1297 populi,
1059 1218 1274 1295 flagitia
1317 1219 1603 1279 hominum
1644 1229 1705 1279 ut
1748 1221 2125 1280 caerimonias

127 1305 297 1367 deum
327 1302 714 1381 protegentis.
782 1304 956 1378 igitur
986 1302 1259 1379 placitum
1290 1312 1351 1362 ut
1379 1305 1669 1363 mitterent
1706 1305 1971 1365 civitates
2001 1306 2125 1365 iura

127 1397 301 1467 atque
333 1387 584 1463 legatos.
647 1394 705 1445 et
752 1385 1034 1483 quaedam
1074 1386 1227 1463 quod
1268 1386 1420 1447 falso
1464 1397 1884 1465 usurpaverant
1914 1397 2123 1464 sponte
2150 1401 2199 1441 10

129 1474 408 1539 omisere3
463 1470 676 1529 multae
707 1470 952 1529 vetustis
987 1471 1493 1548 superstitionibus
1528 1480 1623 1535 aut
1662 1475 1878 1531 meritis
1922 1473 1978 1531 iu
2020 1480 2123 1549 po-

127 1556 322 1634 pulum
349 1554 664 1614 Romanum
697 1552 970 1613 fidebant.
1029 1571 1377 1643 magnaque·
1396 1556 1521 1615 eius
1568 1556 1681 1614 diei
1721 1557 1955 1634 species
2002 1556 2124 1631 fuit,

127 1658 240 1719 quo
273 1646 504 1697 senatus
534 1639 811 1714 maiorum
839 1632 1150 1713 beneficia,
1183 1640 1473 1700 sociorum
1507 1648 1699 1718 pacta,
1730 1658 1933 1717 regum
1958 1640 2126 1699 etiam

129 1726 221 1802 qui
255 1732 385 1783 ante
419 1723 536 1781 vim
563 1708 876 1780 Romanam
907 1722 1207 1782 valuerant
1246 1723 1484 1783 decreta
1528 1724 1905 1801 ipsorumque
1948 1725 2125 1782 numi-

123 1825 254 1867 num
284 1806 602 1883 religiones
629 1807 997 1885 introspexit,
1030 1804 1236 1884 libero,
1270 1816 1331 1866 ut
1360 1806 1677 1885 quondam,
1710 1808 1845 1885 quid
1878 1807 2125 1869 firmaret
2152 1824 2199 1865 15

124 1900 464 1952 mutaretve.
2180 1942 2185 1945 .

249 1974 350 2036 61.
387 1974 557 2034 Primi
602 1975 850 2034 omnium
879 1974 1117 2053 Ephesii
1164 1973 1397 2048 adiere,
1441 1980 1827 2032 memorantes
1872 1978 2016 2049 nori,
2066 1984 2127 2033 ut

125 2060 337 2135 vulgus
369 2058 658 2131 crederet,
689 2058 930 2117 Dianam
960 2067 1130 2136 atque
1165 2056 1501 2134 Apollinem
1524 2055 1676 2114 Delo
1704 2058 1965 2133 genitos:
1994 2075 2127 2116 esse

123 2142 280 2222 apud
311 2159 377 2199 se
413 2138 776 2200 Cenchreum
817 2159 1072 2216 amnem,
1112 2141 1304 2200 lucum
1342 2138 1669 2217 Ortygiam}
1710 2141 1809 2200 ubi
1858 2141 2127 2200 Latonam

123 2232 296 2303 partu
329 2223 623 2298 gravidam
654 2233 712 2282 et
743 2224 949 2300 oleae,
999 2241 1150 2300 quae
1197 2233 1314 2283 tum
1358 2225 1529 2284 etiam
1568 2234 1823 2301 maneat,
1876 2227 2126 2286 adnisam

126 2306 388 2368 edidisse
442 2323 511 2364 ea
569 2309 831 2382 numina,
884 2305 1245 2384 deorumque
1298 2310 1510 2369 monitu
1571 2319 1855 2370 sacratum
1906 2310 2177 2370 nemus.5

122 2402 302 2470 atque
337 2391 524 2467 ipsum
554 2389 676 2449 illic
710 2389 1042 2468 Apollinem
1091 2401 1224 2469 post
1263 2392 1609 2453 interfectos
1641 2391 1935 2472 Cyclopas
1974 2395 2131 2452 Iovis

124 2479 270 2537 iram
299 2474 594 2534 vitavisse.
661 2490 796 2532 mox
817 2474 1085 2534 Liberum
1109 2485 1354 2554 patrem,
1387 2477 1877 2552 bello-victorem,
1912 2476 2129 2556 suppli·
2208 2499 2215 2504 ·

127 2558 293 2620 cibus
326 2558 708 2633 Amazonum,
750 2577 902 2637 quae
931 2577 1088 2620 aram
1131 2561 1479 2637 insiderant,
1526 2563 1843 2638 ignovisse.
1912 2569 2171 2620 auctam·

125 2646 259 2705 hinc
293 2659 579 2702 concessu
609 2641 909 2720 Herculis,
957 2662 1082 2704 cum
1123 2644 1302 2720 Lydia
1346 2653 1679 2723 poteretur,
1728 2645 2132 2704 caerimoniam

125 2728 370 2806 temp10,
404 2745 594 2804 neque
625 2725 929 2788 Persarum
957 2728 1186 2789 dicione
1217 2730 1561 2790 deminutum
1591 2729 1709 2798 ius;
1757 2738 1896 2808 post
1939 2727 2201 2788 Mace-10

130 2812 334 2885 donaS,
373 2811 508 2870 dein
539 2827 650 2869 nos
683 2813 1036 2870 servavisse.

257 2894 356 2954 62.
400 2894 652 2954 Proximi
683 2894 794 2954 hos
821 2892 1124 2971 Magnetes
1152 2895 1214 2954 L.
1248 2897 1541 2976 Scipionis
1572 2906 1629 2956 et
1658 2896 1719 2957 L.
1751 2896 1950 2956 Sullae
1995 2913 2129 2956 con-

131 2979 343 3038 stitutis
375 2978 720 3053 nitebantur,
763 2994 1004 3056 quorum
1039 2979 1140 3038 ille
1174 2978 1487 3057 Antiocho,
1518 2980 1613 3040 hic
1636 2979 1967 3041 Mithridate
2004 2979 2129 3059 pul·

130 3063 209 3121 sis
244 3061 415 3121 fidem
458 3071 634 3141 atque
677 3063 944 3122 virtutem
983 3061 1313 3139 Magnetum
1354 3064 1750 3139 decoravere,
1792 3065 1876 3124 uti
1910 3049 2131 3124 D’ianae

121 3143 629 3224 Leucophryenae
673 3146 1002 3226 perfugium
1029 3146 1367 3207 inviolabile
1396 3147 1571 3208 foret.
1636 3147 2131 3227 Aphrodisienses

128 3229 376 3306 posthac
422 3238 481 3289 et
521 3230 991 3291 Stratonicenses
1035 3231 1335 3292 dictatoris
1373 3229 1645 3292 Caesaris
1687 3232 1761 3292 ob
1810 3241 2037 3292 vetusta
2071 3234 2127 3292 in
2154 3248 2179 3288 5

125 3314 308 3390 partis
343 3315 546 3374 merita
577 3324 636 3374 et
672 3333 882 3374 recens
919 3316 1033 3376 divi
1067 3314 1317 3392 Augusti
1349 3316 1647 3376 decretum
1680 3317 1975 3393 adtulere,
2012 3317 2131 3376 lau·

128 3396 245 3455 dati
296 3397 451 3475 quod
499 3397 836 3475 Parthorum
877 3400 1264 3478 inruptionem
1303 3400 1442 3460 nihil
1486 3409 1696 3460 mutata
1745 3403 1803 3461 in
1856 3401 2131 3480 populum

127 3477 446 3541 Romanum
482 3485 800 3544 constantia
841 3483 1235 3562 pertulissent.
1314 3484 1421 3544 sed
1468 3484 2006 3565 Aphrodisiensium
2052 3486 2131 3545 ci-
