2475 4000
175 198 193 238 7
268 168 283 186 ,

399 209 477 268 70
998 218 1327 266 cosman
1356 217 1588 267 ΤΑοιΤι
1617 218 1979 266 ANNALIUM

400 391 527 430 cum
573 369 879 447 militibus,
936 372 1063 448 quis
1108 371 1288 448 Cotys
1334 373 1685 448 traderetur,
1729 373 1786 432 in
1829 370 2172 430 Thraeciam
2221 369 2426 426 misit.

394 454 793 531 Rhescuporis
832 453 983 512 inter
1030 466 1239 515 metum
1283 465 1344 515 et
1394 458 1877 516 iram*cunctatus
1931 453 2125 512 maluit
2181 453 2424 528 patrati

373 537 564 615 'quam
587 536 807 614 incepti
835 535 1113 597 facinoris
1140 557 1277 598 reus
1305 557 1469 599 csse:
1505 539 1690 599 occidi
1715 536 1903 612 Cotyn
1931 535 2090 596 iubet
2115 544 2422 595 mortem·

350 638 508 698 5que
538 623 746 698 sponte
787 628 1065 698 sumptam
1104 623 1422 696 ementitur.
1493 639 1604 681 nec
1649 630 1836 680 tamen
1878 619 2095 680 Caesar
2141 619 2422 698 placitas

382 703 577 764 ‚semel
614 711 770 762 artes
800 705 1055 781 mutavit,
1089 704 1194 764 sed
1225 705 1493 766 defuncto
1524 705 1812 781 Pandusa,
1860 721 2028 782 quem
2061 702 2174 762 sihi
2205 703 2418 762 infen-

396 805 518 846 sum
557 786 953 865 Rhescuporis
996 787 1306 866 arguebat,
1353 788 1726 866 Pomponium
1767 787 2072 861 Flaccum,
2124 795 2419 846 veterem

396 869 696 950 stipendiis
731 879 789 929 et
823 878 946 931 arta
979 888 1104 930 cum
1132 889 1276 948 rege
1307 872 1550 931 amicitia
1579 888 1769 949 eoque
1797 869 2418 930 accommodatiorem

392 953 469 1016 ad'
495 953 827 1030 fallendum,
858 951 933 1013 ob
967 953 1024 1013 id
1050 956 1294 1014 maxime
1319 954 1576 1015 Moesiae
1612 954 1916 1033 praefecit.

518 1039 618 1098 67.
661 1035 908 1096 Flaccus
938 1039 995 1097 in
1029 1037 1366 1098 Thraeciam
1395 1047 1792 1115 transgressus
1827 1055 1934 1116 per
1961 1037 2221 1113 ingentia
2261 1054 2414 1116 prp-

393 1125 565 1182 missa
594 1122 851 1199 quamvis
885 1120 1209 1198 ambiguum
1253 1131 1314 1181 et
1353 1121 1582 1182 scelera
1619 1140 1720 1182 sua
1764 1129 2124 1200 reputantem
2174 1137 2412 1217 perpu-

393 1206 459 1265 lit
493 1214 553 1264 ut
588 1203 875 1282 praesidia
904 1206 1161 1265 Romana
1189 1206 1444 1266 intraret.
1498 1205 1845 1266 circumdata
1866 1205 2022 1264 hinc
2009 1203 2154 1279 regi
2183 1205 2412 1280 specie

392 1290 629 1348 honoris
674 1288 859 1348 valida
904 1305 1131 1365 manus,
1188 1289 1513 1371 tribunique
1560 1297 1618 1348 et
1670 1289 2034 1348 centuriones
2071 1287 2410 1363 monendO,

351 1370 723 1445 ssuadendo,
760 1379 817 1430 et
848 1380 1056 1448 quanto
1097 1372 1328 1448 longius
1372 1371 1819 1448 abscedebatur,
1859 1372 2152 1449 apertiore
2193 1379 2408 1429 custo-

394 1454 506 1531 dia,
542 1462 835 1532 postremo
872 1472 1112 1530 gnarum
1141 1456 1506 1516 necessitatis
1538 1458 1596 1514 in
1618 1454 1816 1517 urbem
1842 1465 2094 1515 traxere.
2147 1471 2406 1513 accusa·

394 1548 482 1598 tus
513 1539 571 1597 in
586 1547 799 1603 senatu
829 1536 899 1595 ab
930 1554 1114 1597 uxore
1145 1537 1348 1612 Cotyis
1377 1538 1700 1615 damnatur,
1743 1547 1804 1597 ut
1846 1521 2052 1616 procul
2082 1555 2278 1613 regno
2317 1547 2404 1596 te-

394 1630 643 1682 neretur.
698 1620 977 1680 Thraecia
1025 1621 1082 1679 in
1130 1621 1585 1683 Rhoemetalcen
1639 1623 1842 1705 filium,
1905 1639 2073 1699 quem
2128 1623 2406 1699 paternis

396 1705 653 1766 consiliis
682 1703 1046 1764 adversatum
1070 1703 1388 1782 constabat,
1412 1706 1583 1784 inque
1607 1695 1825 1766 liberos
1856 1703 2058 1780 Cotyis
2084 1703 2403 1772 dividitur;
2467 1765 2469 1768 Α

325 1806 580 1867 musque
624 1787 871 1847 nondum
914 1787 1121 1848 adultis
1163 1787 1562 1848 Trebellianus
1602 1789 1784 1850 Rufus
1835 1797 2106 1868 praetura
2157 1787 2404 1846 functus
2467 1813 2469 1866 ᾗ

391 1873 576 1949 datur,
606 1871 702 1950 qui
730 1889 971 1948 regnum
999 1872 1221 1932 interim
1257 1881 1548 1949 tractaret,
1582 1872 1850 1951 exemplo
1882 1891 1994 1950 quo
2026 1873 2289 1931 maiores
2321 1872 2401 1931 M.

388 1957 663 2038 Lepidum
703 1955 1019 2017 Ptolemaei
1064 1956 1264 2018 liberis
1317 1964 1562 2017 tutorem
1614 1957 1672 2017 in
1715 1956 2047 2035 Aegyptum
2093 1956 2401 2015 miserant.
2468 1955 2469 1963 ³

388 2042 791 2121 Rhescuporis
823 2025 1231 2102 Alexandriam
1259 2040 1538 2101 devectus
1583 2050 1756 2119 atque
1797 2040 1918 2099 illic
1960 2038 2156 2115 fugam
2206 2049 2399 2118 temp·

394 2136 519 2186 tans
544 2144 616 2186 an
647 2126 783 2185 licto
818 2126 1051 2186 crimine
1086 2126 1442 2185 interficitur.

520 2208 620 2269 68.
665 2209 777 2275 Per
804 2209 955 2271 idem
989 2218 1214 2288 tempus
1240 2211 1540 2284 Vonones,
1570 2226 1736 2287 quem
1771 2217 2018 2267 amotum
2045 2210 2101 2265 in
2127 2204 2400 2266 Ciliciam

391 2294 737 2367 memoravi,
770 2292 1057 2372 corruptis
1090 2292 1422 2353 custodibus
1465 2293 1726 2369 effugere
1769 2290 1841 2351 ad
1872 2291 2210 2368 Armenios,
2255 2290 2400 2348 dein

391 2376 655 2436 Albanos
695 2337 1167 2458 Heniochosque
1194 2386 1254 2437 et
1281 2377 1780 2476 ‘consanguineum
1829 2374 1939 2435 sibi
1989 2392 2190 2471 regem
2235 2374 2397 2446 Scy·
2466 2408 2467 2413 κ

392 2461 613 2522 tharum
658 2468 899 2521 conatus
942 2469 1050 2519 est
1128 2461 1332 2539 specie
1380 2458 1625 2519 venandi
1655 2460 1882 2519 omissis
1909 2458 2200 2517 maritimis
2231 2455 2398 2515 locis
2466 2460 2467 2527 ξ

344 2569 368 2608 5
380 2542 517 2606 avia
550 2544 791 2604 saltuum
812 2544 1003 2643 petiit,
1035 2561 1169 2603 mox
1201 2544 1541 2622 pernicitate
1571 2543 1705 2621 equi
1730 2542 1802 2602 ad
1835 2559 2055 2601 amnem
2084 2540 2396 2616 Pyramum

391 2628 703 2705 contendit,
738 2630 895 2687 cuius
926 2635 1135 2704 pontes
1178 2625 1418 2685 accolae
1463 2635 1738 2705 ruperant
1779 2626 1966 2686 audita
2005 2626 2165 2701 regis
2210 2624 2394 2699 fuga:

387 2730 577 2791 neque
612 2712 761 2771 vado
793 2711 1085 2789 penetrari
1114 2716 1361 2787 poterat.
1424 2708 1597 2785 igitur
1627 2711 1683 2767 in
1713 2710 1838 2787 ripa
1867 2709 2110 2769 fluminis
2143 2725 2176 2767 a
2207 2706 2396 2767 Vibio

386 2796 679 2856 Frontone
713 2793 1012 2873 praefecto
1054 2793 1303 2870 equitum
1337 2792 1614 2869 vincitur,
1663 2809 1799 2851 mox
1839 2794 2130 2853 Remmius
2169 2807 2396 2850 evoca-

389 2892 499 2955 tus,
534 2879 728 2975 priori
747 2874 1045 2936 custodiae
1074 2875 1233 2951 regis
1274 2874 1600 2954 adpositus,
1650 2877 1812 2953 quasi
1857 2893 1966 2952 per
2003 2876 2146 2935 iram
2185 2874 2396 2951 gladio

226 3000 231 3004 -
319 2986 366 3026 10
390 2982 517 3024 eum
552 2962 834 3037 transigit.
911 2957 1061 3017 unde
1084 2959 1264 3017 maior
1293 2959 1438 3019 fides
1472 2958 1825 3019 conscientia
1857 2959 2104 3018 sceleris
2135 2967 2196 3017 et
2233 2968 2394 3017 metu
2464 3036 2465 3043 ἶ

384 3047 580 3108 indicii
614 3051 858 3103 mortem
888 3042 1121 3103 Vononi
1150 3041 1398 3103 inlatam.
1481 3100 1489 3107 ,
2464 3094 2465 3105 ,

512 3129 611 3190 69.
652 3124 731 3187 At
766 3125 1139 3186 Germanicus
1169 3122 1448 3206 Aegypto
1482 3143 1745 3199 remeans
1779 3082 2019 3200 cuncta,
2048 3143 2199 3203 quae
2235 3125 2396 3203 apud
2464 3122 2465 3131 ’

382 3210 652 3292 legiones
687 3218 781 3271 aut
813 3208 989 3269 urbes
1018 3211 1296 3285 iusserat,
1340 3210 1555 3271 abolita
1598 3209 1693 3268 vel
1735 3209 1792 3269 in
1833 3211 2182 3269 contrarium
2211 3226 2396 3267 versa

386 3297 710 3374 cognoscit.
774 3292 905 3353 hinc
944 3311 1157 3371 graves
1202 3295 1261 3352 iri
1279 3254 1554 3354 Pisonem
1596 3293 2006 3368 contumeliae,
2051 3308 2165 3352 nec
2201 3294 2396 3351 minus

384 3379 597 3440 acerba
640 3396 787 3456 quae
832 3377 903 3438 ab
946 3378 1046 3438 illo
1100 3378 1157 3436 in
1201 3376 1512 3437 Caesarem
1557 3377 1994 3436 intentabantur.
2063 3375 2195 3435 dein
2249 3374 2392 3435 Piso

336 3487 362 3528 5
394 3461 551 3523 abire
586 3464 751 3522 Suria
782 3463 991 3523 statuit.
1050 3478 1185 3521 mox
1212 3461 1457 3521 adversa
1483 3460 1808 3521 Germanici
1829 3458 2158 3521 valetudine
2185 3459 2392 3519 deten-
2461 3528 2463 3545 ἶ
