2475 4000
360 185 439 246 98
857 187 1184 236 commun
1207 174 1442 233 TAcrr‘I
1458 185 1827 234 ANNALIUM

294 346 573 407 isbellum
614 344 721 402 sibi
768 351 1070 420 poscente.
1132 357 1267 400 mox
1307 339 1494 399 Varro
1537 339 1818 418 invalidus
1863 345 2109 398 senecta
2138 337 2390 414 vigenti

362 430 503 490 Silio
532 428 844 486 concessit.

484 514 585 572 44.
626 511 701 570 At
731 510 950 569 Romae
981 522 1095 568 non
1129 507 1424 566 Treveros
1453 505 1625 566 modo
1662 514 1722 564 et
1748 503 2021 580 Aeduos,
2053 502 2162 564 sed
2197 513 2388 581 quat-

361 605 492 654 tuor
536 603 595 653 et
636 596 933 670 sexaginta
981 592 1286 653 Galliarum
1332 591 1594 649 civitates
1623 589 1979 663 descivisse,
2022 588 2388 666 adsumptos

362 681 419 737 in
455 671 797 738 societatem*
836 675 1181 749 Germanos,
1228 674 1428 733 dubias
1467 671 1809 750 Hispanias,
1854 679 2098 747 cuncta,
2139 680 2206 730 ut
2239 689 2394 730 mos

364 763 571 834 famae,
608 763 665 821 in
692 762 873 820 maius
906 760 1143 819 credita.
1209 767 1473 836 optumus
1505 758 1751 834 quisque
1794 757 1888 815 rei·
1914 754 2190 834 publicae
2229 773 2388 814 cura

318 857 344 896 5
362 844 687 905 maerebat:
716 844 876 903 multi
907 843 1043 902 odio
1076 843 1464 919 praesentium
1493 848 1552 898 et
1581 839 1851 917 cupidine
1878 840 2211 898 mutationis
2245 841 2392 898 suis

364 947 597 1008 quoque
618 927 893 1006 periculis
923 924 1306 996 laetabantur,
1333 923 1828 1000 increpabantque
1854 921 2169 1000 Tiberium,
2207 923 2390 1000 quod

362 1015 420 1072 iu
463 1022 619 1072 tanto
660 1029 850 1070 rerum
890 1019 1045 1068 motu
1074 1008 1292 1068 libellis
1321 1015 1723 1068 accusatorum
1753 1009 2064 1066 insumeret
2096 1024 2386 1084 operam.

364 1115 435 1156 an
485 1106 543 1156 et
598 1096 961 1155 Sacrovirum
1004 1093 1318 1152 maiestatis
1363 1090 1596 1150 crimine
1641 1107 1801 1149 reum
1844 1092 1900 1150 in
1943 1097 2147 1149 senatu
2191 1087 2390 1149 fore?

366 1181 627 1240 extitisse
661 1179 889 1238 tandem
926 1178 1117 1252 virOS,
1156 1177 1252 1254 qui
1292 1182 1560 1234 cruentas
1594 1175 1874 1252 epistulas
1917 1176 2090 1234 armis
2121 1174 2388 1233 cohibe-

300 1273 346 1314 10
363 1272 511 1323 rent.
572 1263 838 1321 miseram
865 1279 1069 1338 pacem
1092 1261 1189 1319 vel
1221 1259 1384 1319 bello
1415 1257 1564 1323 bene
1597 1259 1817 1318 mutari.
1880 1266 2036 1318 tanto
2063 1258 2388 1336 inpensius

364 1351 421 1406 in
450 1347 815 1404 securitatem
849 1345 1215 1422 conposituS,
1263 1361 1453 1421 neque
1500 1342 1634 1401 loco
1675 1359 1866 1420 neque
1912 1342 2072 1400 vultu
2116 1351 2377 1416 mutate,

364 1429 470 1488 sed
500 1437 560 1486 ut
591 1428 820 1486 solitum
848 1446 955 1504 per
982 1427 1115 1487 illos
1146 1426 1270 1485 dies
1305 1427 1442 1502 egit,
1477 1425 1772 1486 altitudine
1805 1427 2004 1503 animi,
2033 1443 2108 1484 an
2141 1442 2385 1504 conpe-

364 1519 519 1571 rerat
547 1510 770 1569 modica
804 1527 937 1569 esse
971 1519 1029 1568 et
1058 1509 1309 1586 vulgatis
1340 1510 1582 1570 leviora.

490 1594 591 1654 45.
642 1593 877 1652 Interim
906 1593 1077 1652 Silius
1112 1611 1237 1651 cum
1262 1593 1590 1670 legionibus
1612 1591 1832 1653 duabus
1855 1592 2154 1668 incedenS,
2188 1611 2382 1671 prae-

358 1680 536 1737 missa
583 1669 1046 1736 auxiliari'm'anu
1088 1685 1274 1735 vastat
1312 1679 1710 1754 Sequanorum
1751 1694 1971 1755 pagoS,
2030 1678 2128 1766 qui
2174 1677 2387 1736 finium

368 1761 609 1820 extremi
649 1769 706 1818 et
736 1759 957 1818 Aeduis
1001 1761 1339 1819 contermini
1387 1761 1648 1838 sociique
1692 1762 1748 1818 in
1780 1761 1950 1820 armis
1983 1769 2169 1820 erant.
2233 1780 2387 1820 mox

364 1843 838 1921 Augustodunum
881 1845 1025 1921 petit
1066 1861 1324 1921 propero
1371 1845 1632 1920 agmine,
1687 1843 2039 1903 certantibus
2089 1845 2254 1904 inter
2317 1864 2388 1905 se

318 1941 343 1979 5
368 1927 677 2007 signiferis,
704 1928 987 1987 fremente
1011 1928 1182 1987 etiam
1204 1929 1478 2005 gregario
1498 1926 1698 2004 milite,
1732 1945 1806 1985 ne
1831 1937 2048 1986 suetam
2074 1929 2384 2007 requiem,

366 2032 439 2073 ne
487 2015 670 2091 spatia
710 2015 961 2072 noctium
1004 2013 1405 2093 opperiret-ur:
1449 2011 1714 2071 viderent
1755 2011 1928 2071 modo
1973 2011 2270 2071 adversos
2328 2023 2388 2072 et

366 2098 793 2174 aspicerentur;
835 2096 891 2155 id
932 2097 1071 2156 satis
1120 2097 1189 2155 ad
1233 2096 1550 2157 victoriam.
1611 2095 2008 2156 duodecimum
2037 2096 2193 2173 apud
2224 2096 2388 2174 lapi-

308 2200 313 2203 ·
368 2180 495 2237 dem
518 2180 793 2237 Sacrovir
822 2181 1147 2257 copiaeque
1175 2178 1501 2258 patentibus
1526 2179 1673 2238 locis
1697 2196 2042 2257 apparuere.
2083 2180 2141 2236 in
2173 2179 2388 2239 fronte

368 2269 642 2320 statuerat
671 2262 953 2337 ferratos,
999 2264 1055 2319 in
1088 2264 1360 2323 cornibus
1391 2262 1702 2339 cohorteS,
1745 2280 1778 2320 a
1810 2271 1982 2337 tergo
2020 2280 2384 2323 semermos.

302 2344 496 2421 10ipse
540 2344 688 2403 inter
735 2346 1018 2424 primores
1064 2364 1219 2422 equo
1269 2348 1476 2423 insigni
1513 2346 1707 2422 adire,
1755 2362 2079 2405 memorare
2123 2354 2386 2406 veteres

368 2425 661 2487 Gallorum
685 2428 901 2505 glorias
930 2445 1197 2506 quaeque
1222 2422 1494 2489 Romanis
1521 2430 1768 2489 adversa
1803 2429 2152 2496 intulissent;
2187 2446 2384 2506 quam

368 2510 583 2571 deeora
601 2512 915 2578 victoribus
940 2512 1198 2587 libertae,
1226 2522 1438 2589 quanto
1462 2513 1862 2573 intolerantior
1885 2514 2132 2571 servitus
2153 2513 2387 2573 iterum

367 2595 554 2654 victis.

398 2710 407 2721 ·
490 2680 591 2741 46.
636 2680 766 2739 Non
797 2678 892 2739 diu
922 2677 1069 2738 haec
1100 2695 1210 2737 nec
1243 2680 1392 2757 apud
1427 2680 1644 2740 laetos:
1689 2682 1900 2741 etenim
1933 2680 2383 2759 propinquabat

368 2762 659 2839 legionum
705 2765 898 2837 acies,
947 2761 1339 2840 inconditique
1372 2781 1440 2823 ac
1469 2764 1702 2824 militiae
1744 2766 1924 2823 nescii
1959 2763 2236 2841 oppidani
2271 2783 2388 2825 ne-

369 2864 481 2923 que
522 2848 709 2907 oculis
750 2862 943 2923 neque
988 2845 1222 2904 auribus
1263 2848 1400 2907 satis
1451 2848 1856 2926 conpetebant.
1923 2856 2122 2911 contra
2161 2847 2390 2925 Silius,

368 2930 479 2989 etsi
522 2938 888 3008 praesumpta
930 2946 1070 3005 spes
1116 2928 1380 2991 hortandi
1423 2950 1627 2993 causas
1660 2942 1987 3008 exemerat,
2035 2931 2392 2993 clamitabat

323 3038 348 3077 5
368 3022 577 3089 tamen,
613 3013 933 3092 pudendum
960 3014 1103 3089 ipsis
1136 3016 1290 3092 quod
1319 3014 1742 3076 Germaniarum
1770 3018 2024 3075 victores
2055 3014 2391 3077 adversum

372 3094 573 3156 Gallos
616 3106 900 3174 tamquam
950 3096 1007 3153 in
1052 3095 1277 3158 hostem
1324 3100 1689 3161 ducerentur.
1749 3101 1882 3174 ‘una
1915 3117 2103 3177 nuper
2145 3099 2392 3159 cohors

366 3180 652 3239 rebellem
696 3180 1013 3255 Turonum,
1057 3190 1167 3241 una
1210 3184 1304 3243 ala
1334 3182 1681 3261 Treverum‚
1731 3202 1952 3262 paucae
1985 3184 2152 3242 huius
2183 3184 2392 3261 ipsius

369 3265 659 3323 exercitus
682 3272 897 3322 turmae
922 3264 1311 3341 profligavere
1338 3267 1659 3344 Sequanos.
1705 3277 1916 3346 quanto
1943 3267 2190 3345 pecunia
2219 3267 2390 3327 dites

369 3354 428 3405 et
455 3346 847 3423 voluptatibus
880 3348 1211 3426 opulentos,
1244 3359 1402 3410 tanto
1439 3354 1621 3428 magis
1651 3351 1900 3411 inbelles
1934 3350 2172 3410 Aeduos
2207 3356 2388 3411 evin-

301 3429 485 3489 meite
528 3438 587 3489 et
626 3429 975 3507 fugientibus
1020 3434 1350 3493 consulite.'
1407 3436 1610 3511 ingens
1656 3436 1726 3495 ad
1760 3454 1828 3495 ea
1864 3435 2112 3511 clamor,
2165 3445 2228 3493 et
2261 3439 2391 3495 cir-
