2475 4000
809 199 1018 248 LIBER
1043 201 1117 247 11.
1152 199 1306 254 ou».
1330 199 1568 255 66-71
2085 195 2161 254 71

156 363 275 429 tus,
308 352 406 412 ubi
436 361 762 413 recreatum
792 355 1022 432 accepit
1043 362 1294 432 votaque
1318 372 1426 434 pro
1452 357 1838 424 incolumitate
1861 356 2164 420 solveban-

156 447 287 512 tur,
335 436 590 498 admotas
624 437 867 514 hostias,
901 438 1280 498 sacrificalem
1307 449 1676 519 apparatum,
1717 433 1922 502 festam
1964 440 2163 501 Antio-

154 521 467 580 chensium
496 520 733 621 plebem
761 540 867 601 per
906 521 1145 581 lictores
1186 523 1503 601 proturbat.
1557 533 1674 584 tum
1716 525 2041 584 Seleuciam
2082 525 2163 584 di-

152 605 458 683 greditur,
512 609 829 684 opperiens
874 605 1322 684 aegritudinem,
1367 625 1515 685 quae
1558 626 1780 669 rursum
1824 608 2162 670 Germanico

152 688 482 750 acciderat.
554 687 941 750 saevam'vim
984 689 1171 751 morbi
1220 690 1471 768 augebat
1517 694 1835 770 persuasio.
1875 695 2084 752 veneni
2128 711 2161 753 a
2182 715 2231 756 ιο

154 773 379 833 Pisone
422 776 681 852 accepti;
728 784 787 834 et
828 773 1268 852 reperiebantur
1313 775 1444 835 solo
1487 794 1559 835 ac
1602 775 1916 856 parietibus
1967 784 2162 836 erutae

154 857 541 916 humanorum
585 875 894 938 corporum
934 857 1252 936 reliquiae,
1301 860 1547 921 carmina
1601 869 1660 919 et
1713 860 2054 920 devotiones
2106 868 2163 918 et
2249 855 2254 862 ’

152 959 374 1001 nomen
406 941 731 1003 Germanici
757 942 1043 1021 plumbeis
1073 941 1284 1002 tabulis
1313 944 1654 1023 insculptum
1673 989 1690 1019 ,
1733 943 1968 1004 semusti
2011 943 2161 1002 ciue-

154 1044 255 1084 res
278 1044 355 1085 ac
379 1025 515 1086 tabe
552 1025 715 1087 obliti
746 1026 970 1105 aliaque
999 1026 1282 1103 malefica,
1314 1028 1442 1105 quis
1474 1029 1958 1089 creditur-animas
1987 1027 2162 1085 numi·

153 1109 331 1168 nibus
360 1110 603 1170 infernis
636 1113 876 1171 sacrari.
930 1109 1096 1170 simul
1125 1111 1282 1170 missi
1319 1129 1354 1170 a
1397 1111 1606 1172 Pisone
1647 1110 2050 1182 incusabantur
2103 1119 2230 1169 utus

152 1193 509 1253 valetudinis
542 1193 788 1254 adversa
818 1196 1107 1255 rimantes.
2189 1249 2198 1258 .

286 1279 392 1338 70.
434 1277 523 1337 Ea
562 1277 905 1339 Germanico
940 1277 1089 1338 haud
1120 1279 1304 1338 minus
1333 1279 1418 1339 ira
1460 1297 1627 1358 quam
1672 1298 1778 1358 per
1818 1289 2025 1340 metum
2068 1296 2159 1338 ac·

158 1371 353 1440 cepta.
420 1363 471 1420 si
498 1361 671 1422 limen
702 1362 1097 1437 obsideretur,
1133 1364 1183 1422 si
1212 1362 1588 1424 effundendus
1621 1365 1856 1443 spiritus
1886 1363 1990 1423 sub
2023 1381 2158 1422 ocu-

159 1447 277 1504 lis
262 1447 624 1506 inimicorum
667 1448 853 1521 foret,
900 1445 1033 1525 quid
1076 1446 1283 1507 deinde
1325 1449 1679 1509 miserrimae
1723 1450 1982 1533 coniugi,
2028 1447 2162 1525 quid

156 1529 471 1594 infantibus
493 1529 721 1590 liberis
728 1528 1104 1590 eventurum?
1148 1531 1303 1592 lenta
1328 1531 1513 1592 videri
1536 1533 1847 1594 veneficia:
1882 1534 2159 1592 festinare

159 1623 219 1673 et
244 1632 525 1691 urguere,
564 1623 625 1674 ut
655 1616 1032 1694 provinciam,
1065 1623 1126 1675 ut
1149 1615 1438 1692 legiones
1445 1617 1608 1677 solus
1630 1617 1855 1678 habeat.
1915 1615 2018 1675 sed
2043 1633 2158 1675 non
2180 1631 2206 1669 5

156 1715 345 1775 usque
374 1715 449 1758 eo
482 1698 769 1758 defectum
802 1698 1228 1775 Germanicum,
1271 1717 1461 1778 neque
1499 1704 1753 1780 praemia
1783 1700 1979 1761 caedis
2009 1698 2161 1778 apud

156 1781 593 1842 interfectorem
634 1801 917 1844 mansura.
999 1784 1292 1861 componit
1337 1785 1649 1862 epistulas,
1695 1787 1820 1862 quis
1861 1784 2160 1844 amicitiam
2240 1829 2251 1837 .

162 1867 214 1923 ei
244 1864 641 1927 renuntiabat:
684 1867 897 1926 addunt
938 1867 1204 1946 plerique
1253 1869 1469 1927 iussum
1508 1869 1809 1944 provincia
1849 1867 2158 1928 decedere.
2241 1869 2252 1885 ⁴

160 1967 271 2010 nec
303 1948 438 2011 Piso
468 1959 723 2012 moratus
751 1951 897 2012 ultra
928 1952 1093 2013 navis
1126 1951 1334 2027 solvit,
1377 1949 1896 2029 moderabaturque
1947 1951 2157 2027 cursui,

164 2051 277 2111 quo
327 2037 573 2113 propius
615 2036 1062 2113 regrederetur,
1115 2037 1165 2095 si
1209 2052 1370 2095 mors
1399 2034 1721 2096 Germanici
1769 2036 1991 2095 Suriam
2023 2052 2157 2112 ape·
2180 2047 2227 2116 ‚¹⁰

160 2120 391 2178 ruisset.
1755 2146 1763 2152 ·

286 2204 381 2262 71.
430 2197 652 2264 Caesar
685 2204 981 2283 paulisper
1016 2203 1089 2264 ad
1131 2221 1295 2282 spem
1339 2212 1605 2279 erectuS,
1653 2203 1784 2263 dein
1829 2204 1990 2264 fesso
2031 2200 2158 2261 'cor-

176 2302 340 2364 pore,
386 2286 481 2347 ubi
531 2288 661 2347 linis
700 2288 936 2363 aderat,
978 2286 1326 2347 adsistentes
1367 2289 1586 2347 amicos
1641 2290 1698 2347 in
1745 2287 1895 2350 hunc
1936 2286 2164 2347 modum

168 2369 517 2448 adloquitur:
558 2372 644 2431 ‘si
673 2372 795 2432 fato
830 2372 1218 2431 concederem
1237 2416 1257 2448 ,
1285 2373 1466 2431 iustus
1497 2372 1630 2431 mihi
1665 2370 1834 2432 dolor
1865 2373 2035 2431 etiam
2062 2371 2159 2430 ad-

168 2472 369 2514 versus
406 2452 762 2531 deos'esset,
796 2456 951 2533 quod
980 2474 1071 2516 me
1115 2456 1450 2534 parentibus
1495 2448 1696 2515 liberis'
1744 2457 1964 2533 patriae
2011 2458 2160 2524 intra

172 2540 445 2609 iuventam
475 2548 843 2619 praematuro
878 2542 1035 2600 exitu
1064 2550 1366 2619 raperent:
1400 2559 1550 2601 nunc
1581 2539 1808 2606 scelere
1838 2538 2076 2603 Pisonis
2097 2546 2155 2595 et
2180 2548 2205 2586 5
2309 2541 2314 2549 '

168 2620 468 2683 Plancinae
512 2625 871 2702 interceptus
912 2624 1137 2683 ultimas
1175 2642 1388 2703 preces
1433 2623 1767 2703 pectoribus
1816 2624 2029 2681 vestris
2064 2638 2157 2680 re·

170 2705 384 2784 linquo:
424 2707 697 2768 referatis
728 2709 975 2786 patriae
1004 2708 1200 2783 fratri,
1240 2708 1446 2786 quibus
1496 2706 1903 2768 acerbitatibus
1946 2705 2157 2773 dilace-

166 2799 348 2867 ratus,
385 2791 591 2869 quibus
625 2790 846 2851 insidiis
887 2794 1308 2851 circumventus
1347 2793 1720 2853 miserrimam
1759 2792 1932 2851 vitam
1976 2790 2157 2868 pessi-

166 2890 251 2934 ma
280 2884 467 2935 morte
499 2877 759 2935 finierim.
822 2876 871 2935 si
908 2893 1057 2952 quos
1086 2894 1225 2955 spes
1253 2894 1452 2953 meae,
1508 2877 1554 2935 si
1605 2893 1752 2953 quos
1800 2875 2158 2953 propinquus

166 2961 414 3037 sanguis,
453 2962 624 3020 etiam
661 2972 809 3038 quos
836 2958 1049 3019 invidia
1082 2977 1225 3037 erga
1255 2922 1542 3020 vivent’em
1577 2958 1880 3034 movebat,
1929 2956 2156 3015 inlacri·
2177 2976 2228 3016 ιιι

162 3041 387 3103 mabunt
411 3043 703 3123 quondam
732 3042 1033 3108 florentem
1078 3052 1137 3103 et
1176 3051 1263 3102 tot
1300 3044 1586 3103 bellorum
1636 3044 2001 3121 superstitem
2041 3058 2157 3099 mu·

165 3125 328 3187 liebri
363 3127 570 3188 fraude
604 3126 910 3187 cecidisse.
973 3128 1085 3186 erit
1113 3126 1284 3186 vobis
1313 3127 1480 3189 locus
1509 3126 1787 3205 querendi
1816 3124 1968 3203 apud
1995 3140 2158 3183 sena·

160 3217 293 3287 tum,
326 3211 636 3272 invocandi
668 3212 855 3288 leges.
916 3228 1031 3271 non
1062 3209 1178 3269 hoc
1208 3212 1580 3289 praecipuum
1620 3213 1932 3270 amicorum
1959 3225 2160 3265 munus

154 3296 604 3376 est‚·prosequi
644 3294 973 3355 defunctum
1018 3296 1231 3371 ignavo
1286 3301 1524 3371 questu,
1577 3291 1684 3353 sed
1723 3311 1870 3371 quae
1913 3290 2162 3351 voluerit

148 3381 513 3457 meminisse,
563 3397 711 3458 quae
760 3378 1118 3439 mandaverit
1165 3378 1431 3456 exsequi.
1500 3376 1718 3437 flebunt
1763 3376 2160 3437 Germanicum
2175 3397 2224 3437 15

144 3466 313 3524 etiam
344 3465 564 3543 ignoti:
614 3462 979 3522 vindicabitis
1021 3480 1161 3541 vos,
1210 3463 1259 3521 si
1304 3479 1394 3522 me
1434 3463 1626 3542 potius
1669 3478 1836 3550 quam
1867 3459 2160 3520 fortunam
