2475 4000
810 211 1018 259 uns-,n
1060 212 1134 263 11.
1175 211 1327 261 cnr.
1370 210 1634 265 22—26.
2047 286 2056 308 Ι
2126 200 2199 261 51

207 365 446 424 intentis
484 362 773 440 vestibus,
819 373 877 423 et
918 366 1196 442 quaedam
1237 384 1271 425 a
1301 365 1670 427 validioribus
1704 376 1957 441 tractae,
2004 379 2202 428 rever-

207 457 365 514 tere:
400 464 541 524 quas
575 450 782 526 raptim
811 448 1070 509 refectas
1095 451 1249 509 misit
1276 458 1337 508 ut
1364 452 1754 509 scrutarentur
1782 450 2015 511 insulas.
2078 451 2197 510 col-

207 531 351 590 lecti
393 548 462 589 ea
505 548 640 591 cura
685 531 975 609 plerique:
1035 533 1247 593 multos
1293 532 1622 609 Angrivarii
1682 550 1861 612 nuper
1915 535 1972 593 in
2032 532 2199 593 fidem
2219 552 2269 593 15

177 615 440 691 *accepti
481 614 816 693 redemptos
859 613 932 673 ab
962 615 1332 676 interioribus
1362 615 1693 685 reddidere;
1738 616 1957 695 quidam
1990 617 2047 675 in
2081 616 2200 677 Bri·

207 698 458 760 tanniam
509 700 660 777 rapti
715 708 774 757 et
823 699 1053 759 remissi
1108 717 1140 759 a
1188 699 1431 776 regulis.
1494 707 1557 758 ut
1598 699 1727 777 quis
1766 717 1840 758 ex
1884 700 2197 778 longinquo

208 789 554 857 revenerat,
603 781 874 841 miracula
929 782 1266 859 narrabant,
1317 784 1431 842 vim
1487 781 1768 841 turbinum
1826 790 1883 841 et
1928 784 2199 845 inauditas

205 863 514 941 volucres,
571 874 824 925 monstra
875 866 1076 942 maris,
1131 864 1427 943 ambiguas
1462 864 1749 925 hominum
1809 874 1867 924 et
1911 864 2199 926 beluarum

205 949 458 1023 formas,
489 949 612 1009 visa
647 949 772 1007 sive
803 966 878 1007 ex
905 958 1056 1007 metu
1087 950 1323 1009 credita.
2207 966 2266 1007 2⁰

337 1031 438 1091 25.
469 1032 588 1091 Sed
613 1031 762 1093 fama
793 1031 998 1091 classis
1031 1034 1273 1093 amissae
1303 1042 1365 1092 ut
1398 1033 1715 1095 Germanos
1744 1032 1816 1093 ad
1850 1049 2017 1111 spem
2038 1030 2196 1109 belli,

206 1119 284 1175 ita
329 1114 640 1176 Caesarem
675 1114 746 1175 ad
787 1116 1171 1177 coercendum
1215 1120 1418 1176 erexit.
1506 1116 1571 1176 C.
1616 1117 1760 1177 Silio
1803 1134 1929 1175 cum
1970 1116 2199 1192 triginta

207 1198 492 1279 peditum,
525 1198 707 1259 tribus
737 1201 986 1276 equitum
1015 1199 1240 1259 milibus
1273 1202 1357 1259 ire
1387 1201 1444 1259 in
1480 1198 1721 1260 Chattos
1750 1201 2023 1277 imperat3
2072 1200 2197 1275 ipse
2226 1236 2237 1250 ·

203 1282 518 1343 maioribus
547 1284 736 1360 copiis
765 1282 989 1344 Marsos
1022 1284 1325 1361 inrumpit,
1374 1301 1613 1361 quorum
1652 1284 1767 1343 dux
1799 1281 2198 1343 Mallovendus
2292 1289 2303 1309 ¹

205 1384 392 1444 nuper
459 1367 514 1424 in
579 1366 924 1425 deditionem
987 1375 1265 1444 acceptus
1324 1368 1649 1446 propinquo
1711 1367 1843 1427 luco
1908 1365 2239 1425 defossams

204 1451 495 1510 Varianae
538 1449 788 1525 legionis
829 1449 1072 1528 aquilam
1101 1450 1329 1511 modico
1371 1450 1659 1528 praesidio
1704 1450 1923 1509 servari
1968 1447 2195 1509 indicat.

203 1535 377 1593 missa
429 1533 724 1612 extemplo
777 1550 977 1593 manus
1016 1552 1164 1612 qnae
1202 1533 1429 1595 hostem
1470 1552 1503 1594 a
1541 1534 1732 1595 fronte
1772 1533 2045 1609 eliceret,
2102 1531 2197 1592 alii

204 1618 304 1696 qui
351 1626 516 1693 terga
565 1618 974 1693 circumgressi
1013 1617 1381 1678 recluderent
1423 1618 1677 1687 humum;
1724 1626 1783 1677 et
1808 1618 2065 1694 utrisque
2100 1612 2195 1675 ad-

201 1702 309 1783 fuit
335 1701 580 1761 fortuna.
609 1718 686 1759 eo
713 1702 1036 1779 promptior
1057 1700 1275 1763 Caesar
1304 1703 1497 1780 pergit
1526 1703 1839 1776 introrsus,
1870 1699 2195 1779 populatur,

205 1785 458 1845 excindit
496 1803 611 1845 non
653 1802 847 1845 ausum
891 1784 1170 1861 congredi
1216 1785 1443 1845 hostem
1485 1794 1611 1861 aut,
1654 1784 1837 1845 sicubi
1884 1784 2193 1857 restiterat,
2216 1795 2264 1845 ιο

205 1870 391 1929 statim
436 1868 660 1947 pulsum
705 1886 816 1928 nec
855 1886 1118 1946 umquam
1168 1871 1383 1945 magis,
1428 1876 1489 1925 ut
1522 1884 1599 1925 ex
1629 1868 1873 1944 captivis
1907 1868 2195 1943 cognitum

202 1961 326 2029 est,
364 1962 686 2031 paventem.
749 1953 962 2033 quippe
995 1954 1243 2012 invictos
1272 1961 1331 2011 et
1372 1949 1547 2010 nullis
1578 1948 1805 2008 casibus
1838 1948 2195 2027 superabiles

199 2039 496 2098 Romanos
537 2035 948 2116 praedicabant
959 2053 984 2112 ,·
1037 2037 1133 2115 qui
1180 2035 1405 2114 perdita
1453 2033 1679 2108 classe,
1738 2032 1963 2092 amissis
2001 2032 2193 2107 armis,

203 2129 340 2199 post
373 2129 665 2184 constrata
699 2137 974 2198 equorum
1005 2121 1377 2195 virorumque
1408 2115 1751 2195 corporibus
1783 2116 1949 2176 litora
1994 2114 2193 2174 eadem

179 2204 444 2276 «virtute,
480 2203 601 2279 pari
632 2203 852 2262 ferocia
885 2212 944 2261 et
974 2203 1136 2264 velut
1167 2203 1317 2261 aucti
1350 2217 1584 2260 numero
1614 2201 1983 2278 inrupissent.
2211 2217 2259 2259 ιε

330 2284 432 2344 26.
474 2283 768 2343 Reductus
799 2285 932 2344 inde
975 2287 1036 2344 in
1075 2284 1317 2346 hiberna
1362 2284 1557 2361 miles,
1601 2283 1786 2344 laetus
1836 2285 2003 2346 animi
2038 2279 2193 2362 quod

198 2368 448 2430 adversa
514 2368 686 2426 maris
731 2366 1114 2446 'expeditione
1166 2385 1451 2448 prospera
1509 2369 1891 2446 pensavisset.
1982 2366 2195 2429 addidit

193 2450 639 2512 munificentiam
686 2448 930 2530 Caesar,
987 2460 1255 2530 quantum
1296 2454 1423 2531 quis
1471 2451 1655 2511 damni
1701 2451 2003 2529 professus
2048 2457 2190 2525 erat,

199 2534 587 2596 exsolvendo.
664 2552 776 2594 nec
805 2535 1030 2596 dubium
1073 2535 1388 2596 habebatur
1416 2532 1616 2596 labare
1644 2535 1847 2594 hostes
1881 2532 2189 2612 petendae-

195 2637 314 2698 que
357 2613 520 2696 pacis
565 2619 806 2680 consilia
841 2638 1104 2696 sumere,
1145 2629 1204 2680 et
1246 2621 1294 2679 si
1325 2621 1585 2698 proxima
1622 2625 1815 2678 aestas
1849 2616 2189 2690 adiceretur,
2212 2629 2239 2669 ⁵

197 2719 382 2781 posse
406 2701 619 2762 bellum
652 2704 883 2780 patrari.
950 2703 1056 2762 sed
1085 2702 1308 2764 crebris
1338 2703 1599 2781 epistulis
1634 2701 1895 2762 Tiberius
1924 2697 2193 2759 monebat

193 2787 416 2846 rediret
453 2785 527 2845 ad
573 2785 866 2845 decretum
910 2786 1279 2865 triumphum:
1330 2788 1469 2846 satis
1510 2788 1621 2846 iam
1669 2795 2004 2858 eventuum,
2052 2783 2191 2842 satis

195 2887 449 2930 casuum.
510 2887 794 2952 prospera
817 2870 897 2930 illi
921 2879 978 2929 ct
1001 2888 1208 2946 magna
1232 2869 1491 2948 proelia:
1530 2887 1728 2930 eorum
1749 2886 1977 2948 quoque
1998 2867 2187 2926 memi-

194 2955 380 3014 nisset
411 2970 556 3031 quae
591 2956 748 3012 venti
783 2963 842 3014 et
876 2954 1111 3030 fluctus,
1157 2953 1311 3014 nulla
1340 2954 1499 3014 ducis
1534 2952 1733 3031 culpa,
1770 2953 1969 3030 gravia
2004 2960 2191 3010 tamen

193 3046 256 3096 et
284 3054 460 3096 saeva
483 3037 681 3098 damna
709 3038 1048 3098 intulissent.
1101 3055 1168 3096 se
1198 3039 1439 3097 noviens
1464 3056 1497 3098 a
1524 3037 1656 3096 divo
1681 3037 1943 3112 Augusto
1969 3036 2024 3092 in
2048 3033 2183 3094 Ger·
2208 3049 2258 3092 ιο

191 3122 436 3181 maniam
479 3114 709 3180 missum
754 3121 919 3199 plura
961 3121 1208 3180 consilio
1254 3139 1420 3198 quam
1466 3123 1522 3179 vi
1551 3120 1894 3199 perfecisse.
1964 3120 2049 3177 sic
2084 3117 2185 3176 Su·

193 3203 469 3281 gambros
510 3206 566 3264 in
611 3205 959 3266 deditionem
989 3213 1273 3282 acceptos
1292 3249 1307 3279 ,
1354 3204 1438 3263 sic
1466 3203 1693 3263 Suebos
1719 3219 2034 3282 regemque
2064 3197 2185 3262 Ma·

191 3286 515 3352 roboduum
550 3305 697 3367 pace
748 3279 1100 3350 obstrictum.
1179 3305 1358 3367 posse
1399 3295 1456 3346 et
1490 3285 1819 3346 Cheruscos
1850 3295 2187 3364 ceterasque

190 3371 496 3431 rebellium
541 3381 777 3449 gentes,
827 3374 1093 3452 quoniam
1136 3374 1427 3433 Romanae
1474 3371 1675 3430 ultioni
1724 3369 2040 3430 consultum
2091 3369 2185 3442 sit,

189 3455 434 3516 internis
478 3454 778 3518 discordiis
805 3458 1068 3534 relinqui.
1138 3465 1416 3536 precante
1450 3455 1788 3516 Germanico
1830 3469 2033 3599 αὲιιὶιιιιι
2064 3453 2183 3512 effi·
2212 3474 2255 3513 ιε
