2475 4000
304 123 447 208 258
852 119 1187 182 'connnnn
1210 133 1442 181 'mern
1463 132 1828 183 ANNALIUM

323 289 709 369 prensantium
760 282 998 348 manum'
1035 288 1487 365 gratantiumque
1543 283 1698 364 quod
1751 285 2058 346 discrimen
2111 285 2328 362 inpro-

321 375 503 433 visum
534 358 606 430 etx
619 371 814 430 matris
839 370 1059 430 facinus
1091 372 1390 430 evasisset.
1450 371 1612 430 amici
1644 369 1850 429 dehinc
1879 369 2040 428 adire
2069 368 2326 447 templa,

322 465 380 515 et
414 465 627 534 coepto
656 454 927 536 exemplo
962 457 1220 532 proxima
1252 452 1602 534 Campaniae
1630 453 1932 531 municipia
1963 453 2224 512 victimis
2261 461 2326 511 et

321 537 706 615 legationibus
740 539 1013 598 laetitiam
1043 539 1270 609 testari:
1313 539 1440 618 ipse
1483 536 1713 603 diversa
1753 537 2119 596 simulatione
2155 553 2322 595 mae-

152 697 155 700 ,
252 648 302 688 10
321 631 442 681 stus
472 630 529 681 et
571 623 731 700 quasi
762 621 1133 703 incolumitati
1166 639 1304 682 suae
1347 621 1604 680 infensus
1634 638 1702 679 ac
1733 622 1900 679 morti
1933 621 2194 699 parentis
2231 621 2322 678 in-

321 706 644 765 lacrimans.
705 707 836 782 quia
865 715 1052 765 tamen
1078 723 1228 783 non,
1259 711 1319 764 ut
1353 695 1640 764 hominum
1670 703 1889 781 vultuS,
1931 705 2011 763 ita
2044 703 2320 764 locorum

319 789 501 850 facies
531 797 834 865 mutantur,
873 787 1404 867 observabaturque
1431 790 1606 848 maris
1633 787 1788 847 illius
1817 796 1877 846 et
1905 787 2138 847 litorum
2173 803 2315 863 gra-

318 875 406 932 vis
450 881 721 952 aspectus
754 872 845 949 (et
888 881 1051 931 erant
1088 874 1185 951 qui
1214 871 1522 932 crederent
1551 872 1794 931 sonitum
1837 869 2010 930 tubae
2057 869 2316 930 collibus

322 958 536 1016 circum
583 957 749 1016 editis
792 956 1169 1034 planctusque
1218 974 1252 1016 e
1300 955 1512 1014 tumulo
1549 953 1744 1015 matris
1781 953 2024 1033 audiri),
2067 952 2122 1014 N
2127 970 2312 1032 eapo-

242 1059 302 1102 '15
321 1040 418 1099 lim
463 1039 752 1100 concessit
796 1039 1107 1118 literasque
1148 1039 1220 1098 ad
1263 1048 1517 1098 senatum
1559 1037 1746 1114 misit,
1800 1055 2036 1116 quarum
2087 1053 2316 1096 summa

322 1132 445 1183 erat
474 1133 765 1201 repertum
800 1141 925 1182 cum
956 1119 1127 1183 ferro'
1154 1139 1560 1202 percussorem
1590 1122 1936 1198 Agerinum,
1981 1139 2055 1180 ex
2094 1121 2316 1180 intimis

320 1206 681 1286 Agrippinae
723 1205 973 1279 libertis,
1026 1215 1083 1265 et
1130 1206 1307 1266 luisse
1339 1222 1463 1265 eam
1495 1221 1741 1285 poenam
1773 1205 2158 1279 conscientia,
2192 1223 2314 1282 qna

210 1317 219 1330 ·
317 1289 513 1358 scelus
547 1292 887 1368 paravisset.

440 1374 545 1450 ‚11.
598 1371 915 1435 Adiciebat*
946 1373 1177 1432 crimina
1231 1373 1460 1448 longius
1506 1372 1796 1451 repetita,
1848 1371 2005 1449 >qnod
2065 1386 2308 1429 consor-

326 1457 459 1513 tium
490 1455 710 1531 imperii
739 1457 1133 1534 iuraturasque
1168 1456 1225 1514 in
1252 1455 1500 1515 feminae
1530 1454 1709 1515 verba
1741 1455 2062 1533 praetorias
2095 1453 2311 1512 cohor-

321 1547 413 1596 tes
442 1535 705 1614 idemque
737 1537 991 1597 dedecu's
1031 1548 1262 1598 senatus
1296 1548 1354 1598 et
1385 1539 1582 1619 populi
1613 1539 2002 1617 speravisset,
2039 1554 2111 1596 ac
2142 1545 2309 1614 post·

322 1637 487 1699 quam
524 1619 731 1679 frustra
772 1620 961 1680 habita
1012 1621 1111 1698 sit,
1160 1622 1386 1682 infensa
1424 1622 1583 1681 militi
1629 1620 1998 1700 patribusque
2039 1628 2098 1679 et
2143 1619 2312 1697 plebi

272 1721 298 1760 5
323 1703 691 1763 dissuasisset
739 1703 1063 1764 donativum
1120 1712 1178 1763 et
1230 1706 1582 1782 congiarium
1625 1704 1996 1782 periculaque
2037 1704 2180 1764 viris
2223 1705 2310 1761 in-

235 1841 245 1860 ,
320 1785 591 1846 lustribus
620 1787 1001 1848 instruxisset.
1065 1797 1274 1867 quanto
1305 1807 1409 1849 suo
1441 1788 1642 1848 labore
1668 1797 2082 1866 perpetratum,
2115 1803 2193 1844 ne
2221 1787 2309 1844 in-

318 1877 613 1948 rumperet
632 1873 885 1948 ·cnriam,
930 1889 1001 1930 ne
1032 1871 1299 1948 gentibus
1329 1875 1582 1932 externis
1611 1886 1894 1950 responsa
1926 1870 2105 1930 daret.
2160 1878 2308 1928 tem-

321 1949 522 2033 porum
548 1963 776 2032 quoqne
802 1955 1239 2016 Claudianorum
1276 1955 1506 2037 obliqua
1541 1955 1918 2015 insectatione
1943 1961 2148 2014 cuncta
2181 1955 2312 2012 eius

320 2038 720 2097 dominationis
750 2036 964 2115 flagitia
997 2041 1055 2099 in
1086 2050 1322 2100 matrem
1349 2039 1649 2115 transtulit,
1665 2038 1910 2117 publica
1940 2038 2168 2097 fortuna
2202 2055 2307 2095 ex·

254 2137 301 2177 10
322 2122 583 2180 stinctam
611 2119 893 2179 referens.
924 2140 1165 2201 namque
1195 2128 1258 2183 et'
1279 2124 1633 2199 naufragium
1664 2122 1961 2181 narrabat:
1997 2119 2153 2199 quod
2181 2120 2305 2179 for-

323 2205 517 2262 tuitum
546 2202 759 2278 fuisse,
792 2205 917 2281 quis
948 2205 1093 2265 adeo
1126 2206 1310 2267 hebes
1329 2208 1698 2281 ,inveniretur
1747 2214 1808 2264 ut
1850 2200 2164 2263 crederet?
2209 2212 2308 2262 ant

322 2304 354 2343 a
384 2285 623 2343 muliere
650 2286 927 2363 naufraga
957 2290 1189 2349 missum
1218 2309 1342 2350 cum
1381 2290 1499 2352 telo
1539 2306 1736 2364 unum,
1781 2290 1878 2365 qui
1920 2286 2194 2347 cohortes
2243 2294 2304 2345 et

325 2368 544 2427 classes
575 2370 939 2448 imperatoris
970 2371 1394 2449 perfringeret?
1454 2389 1596 2449 ergo
1626 2390 1742 2437 non
1775 2372 1885 2430 iam
1911 2371 2106 2445 Nero,
2139 2369 2296 2427 cuius

310 2453 617 2512 'inmanitas
660 2454 915 2511 omnium
946 2463 1181 2531 questus
1211 2456 1492 2531 anteibat,
1529 2454 1897 2515 sed‘Seneca
1931 2454 2172 2513 adverso
2201 2470 2296 2511 ru-

254 2552 303 2592 15
322 2553 483 2595 more
514 2545 658 2612 erat,
690 2535 842 2614 quod
873 2539 1133 2595 oratione
1163 2538 1260 2597 tali
1295 2539 1719 2599 confessionem
1753 2538 2104 2615 scripsisset.

397 2639 405 2649 “
447 2618 540 2680 12.
586 2618 731 2679 Miro
774 2628 961 2679 tamen
996 2622 1304 2679 certamine
1337 2638 1640 2699 procerum
1669 2622 2050 2681 decernuntur
2081 2618 2299 2697 suppli·

325 2703 582 2761 cationes
612 2702 762 2780 apud
804 2704 991 2763 omnia
1020 2702 1368 2781 pulvinaria,
1417 2712 1588 2801 utque
1635 2705 2048 2782 Quinquatrus,
2093 2701 2300 2780 quibus

322 2795 559 2862 apertae
588 2786 825 2846 insidiae
858 2794 1083 2860 essent,
1130 2786 1278 2845 ludis
1310 2790 1505 2847 annuis
1551 2787 2012 2854 celebrat-entim
2066 2802 2302 2845 aureum

321 2869 614 2928 Minervae
658 2869 1017 2929 simulacrum
1061 2870 1119 2928 in
1160 2870 1314 2929 curia
1353 2880 1412 2929 et
1452 2872 1605 2930 iuxta
1645 2871 1924 2950 principis
1965 2860 2156 2945 imago
2187 2878 2304 2927 sta-

275 2972 301 3012 5
326 2961 645 3021 tuerentur;
684 2952 807 3018 dies
838 2954 1040 3013 natalis
1062 2952 1423 3031 Agrippinae
1450 2955 1596 3013 inter
1625 2954 1881 3013 nefastos
1905 2961 2082 3011 esset.
2122 2952 2302 3011 Thra·

324 3052 425 3094 sea
475 3034 684 3095 Paetus
738 3035 964 3095 silentio
1008 3036 1105 3095 uel
1146 3036 1309 3095 brevi
1357 3034 1601 3095 adsensu
1659 3040 1886 3116 priores
1937 3035 2299 3095 adulationes

321 3120 701 3179 transmittere
738 3120 938 3179 solitus
969 3120 1107 3179 exiit
1132 3127 1247 3177 tum
1275 3128 1506 3195 senatu,
1546 3138 1614 3179 ac
1655 3119 1762 3179 sihi
1799 3138 2027 3180 causam
2060 3119 2300 3200 periculi

321 3200 482 3277 fecit,
514 3204 725 3262 ceteris
756 3202 1035 3262 libertatis
1063 3203 1274 3261 initium
1303 3220 1418 3261 non
1447 3203 1726 3280 praebuit.
1777 3203 2040 3282 prodigia
2069 3220 2300 3281 quoqne

324 3284 530 3345 crebra
558 3295 617 3345 et
643 3288 809 3344 inrita
845 3287 1251 3344 intercessere.
1315 3302 1560 3361 anguem
1583 3288 1750 3345 enixa
1775 3286 1998 3362 mulier,
2031 3295 2091 3345 et
2112 3286 2224 3344 alia
2241 3288 2301 3345 in

254 3388 305 3429 ιο
326 3366 631 3427 concubitu
669 3370 851 3427 mariti
892 3368 1123 3427 fulmine
1163 3369 1509 3427 exanimata:
1553 3370 1662 3429 iam
1694 3369 1784 3429 sol
1815 3378 2058 3447 repente
2092 3368 2300 3428 obscu—
