2475 4000
512 780 1177 864 CORNELII
1238 721 1705 859 ’ΤΑΟΙΤΙ

455 945 467 950 “
602 959 693 1022 ΑΒ
746 919 1044 1021 Exosssn
1095 955 1241 1019 DIVI
1294 954 1593 1020 AUGUSTI

395 1137 481 1286 ᾼ
587 1135 676 1228 Ν
767 1102 864 1226 ’Ν
970 1134 1056 1226 Α
1153 1133 1245 1255 Ι.
1353 1131 1411 1224 1·
1505 1132 1596 1224 U
1695 1107 1805 1221 M

909 1310 1331 1376 LIBERI.

1139 1601 1164 1630 θ

81 1665 538 1722 BREVIARIUM.
589 1664 705 1730 Cap.
739 1663 782 1713 1.
810 1646 922 1712 *Rei
947 1663 1200 1713 Romanae
1222 1667 1379 1708 status
1405 1665 1518 1705 ante
1542 1657 1847 1722 Augustum.
1892 1654 1945 1706 2.
1970 1656 2090 1706 Eius

175 1744 315 1788 artes
338 1744 386 1784 et
417 1735 497 1784 via
523 1735 587 1783 ad
622 1734 901 1798 imperium.
949 1731 996 1782 3.
1024 1731 1161 1780 Varii
1195 1727 1257 1774 ab
1296 1724 1527 1790 Augusto
1560 1726 1795 1775 destinati
1830 1739 2091 1776 suceesso-

170 1821 277 1856 res.
337 1805 386 1854 4.
416 1802 584 1853 Status
608 1817 774 1852 rerum
801 1810 848 1850 et
887 1801 1093 1850 affectus
1129 1794 1312 1841 civium
1354 1794 1446 1842 sub
1476 1793 1726 1858 Augusto.
1800 1793 1989 1842 Iudicia
2025 1794 2089 1842 de

167 1869 570 1924 successoribus.
619 1871 668 1921 5.
686 1871 898 1931 =Morbus
922 1861 1138 1928 Augusti
1162 1868 1210 1908 et
1238 1875 1377 1909 mors
1413 1861 1586 1909 celata.
1638 1861 1842 1909 Accitus
1876 1862 1939 1910 ad
1973 1876 2090 1911 suc-

171 1943 458 1992 cessionem
480 1941 725 1990 Tiberius,
780 1937 830 1988 6,
861 1933 1046 1984 Caedes
1070 1928 1299 1976 Postumi
1324 1927 1598 1991 Agrippae.
1658 1928 1705 1974 7.
1740 1927 1899 1975 Roma
1932 1943 2091 1992 prona

130 2038 137 2045 .
168 2014 228 2062 in
251 1995 556 2061 semiustas),
601 2011 820 2056 Iuratum
844 2002 896 2047 in
922 1998 1074 2047 verba
1109 1998 1226 2045 novi
1259 1993 1517 2060 principis.
1566 1993 1688 2051 Eius
1726 1993 1904 2043 callida
1937 1998 2093 2061 tergi-

167 2080 410 2130 versatio.
456 2078 505 2127 8.
534 2075 754 2139 Augusti
777 2073 1126 2115 testamentum
1150 2072 1199 2112 et
1218 2063 1438 2112 honores
1457 2062 1627 2110 eximii
1650 2064 1699 2111 in
1720 2062 1911 2111 funere.
1951 2061 2001 2112 9.
2020 2062 2094 2111 De

167 2152 410 2213 Augusto
435 2143 622 2191 iudicia
645 2143 694 2185 in
719 2143 982 2195 utramque
1009 2141 1221 2197 partem.
1275 2129 1355 2201 10.
1381 2130 1571 2179 Iudicia
1591 2132 1839 2194 sequiora.
1901 2130 1981 2181 11.
2009 2130 2115 2179 Ti·‘

165 2214 346 2265 berius
380 2210 638 2272 imperium
673 2201 882 2250 subdole
915 2202 1082 2249 renuit
1116 2216 1177 2248 ur
1218 2207 1331 2248 ente
1366 2207 1560 2249 senatu.
1622 2199 1963 2249 Rationarium
1998 2200 2092 2249 im·

119 2330 124 2337 .
167 2278 324 2349 perii.
378 2276 458 2325 12.
484 2266 658 2317 Asinio
689 2270 847 2317 iratus
873 2266 1116 2327 Tiberius,
1149 2268 1175 2317 1
1220 2304 1232 2315 .
1262 2280 1382 2316 mox
1402 2268 1665 2329 Arrunti0,
1691 2268 1907 2330 Hateri0,
1934 2268 2089 2319 Scau-

170 2362 253 2399 ro,
308 2344 392 2393 14,
421 2338 635 2385 Senatus
659 2335 880 2383 adulatio
903 2334 954 2381 in
981 2334 1192 2396 Liviam,
1220 2350 1253 2384 a
1274 2334 1469 2385 Tiberio
1495 2344 1785 2403 temperata.
1838 2336 1916 2387 15.
1942 2338 2087 2387 Ratio

169 2412 506 2465 comitiorum.
550 2403 678 2452 Ludi
705 2403 1026 2467 Augustales,
1079 2401 1158 2452 16.
1187 2401 1378 2453 seditio
1402 2402 1797 2452 Pannonicarum
1832 2405 2089 2469 legionum

164 2478 303 2531 Vm.
329 2473 420 2525 IX.
446 2470 560 2520 XV.
611 2470 841 2520 Concitor
862 2470 1184 2521 Percennius.
1234 2470 1300 2521 17
1306 2512 1315 2520 .
1341 2472 1500 2520 Huius
1525 2472 1794 2521 seditiosae
1816 2474 2086 2529 contiones.

161 2547 254 2599 18.
283 2544 424 2595 Furit
446 2540 622 2600 miles,
663 2554 810 2603 quem
843 2539 1094 2589 moderari
1134 2548 1343 2590 conatur
1374 2540 1601 2589 Blaesus.
1667 2538 1747 2595 19.
1782 2538 1990 2603 Legatio
2026 2540 2091 2589 ad

157 2613 468 2683 principem.
516 2606 600 2657 20.
639 2607 957 2658 Recrudescit
993 2608 1188 2658 seditio.
1245 2610 1330 2660 21.
1370 2606 1581 2656 Blaesus
1612 2607 1799 2657 frustra
1839 2608 2088 2669 obnititur,

162 2684 258 2734 22.
285 2678 524 2729 Vibuleni
551 2675 718 2725 fallaci
742 2673 960 2725 facinore
984 2689 1144 2743 paene
1171 2690 1463 2745 oppressus.
1516 2674 1599 2726 23.
1637 2675 1843 2725 Tribuni
1880 2676 2091 2725 militum

159 2750 322 2819 pulsi,
349 2748 571 2797 Lucilius
601 2758 800 2794 caesus·
848 2744 930 2793 24.
961 2744 1154 2794 Drusus
1179 2744 1415 2796 seditioni
1442 2744 1694 2794 sedandae
1730 2747 1919 2795 missus
1956 2760 1986 2794 a
2006 2744 2090 2794 Ti-

159 2820 327 2869 berio.
367 2816 462 2865 25.
496 2815 694 2864 Drusus
721 2812 892 2861 literas
917 2811 1102 2861 Tiberii
1136 2816 1334 2875 recitat,
1376 2812 1459 2863 26.
1484 2814 1696 2862 militum
1714 2814 1965 2879 postulata
1988 2814 2087 2863 dit·-

161 2889 296 2939 fert:
331 2886 532 2935 clamor.
577 2882 664 2931 27.
683 2880 810 2930 Hinc
829 2880 1069 2929 tumultus
1087 2882 1264 2943 aerior,
1303 2882 1515 2932 Lentuli*
1534 2882 1822 2948 periculum.
1872 2882 1955 2933 28.
1988 2882 2091 2933 Lu-

165 2950 512 3007 nae=defectio
537 2950 805 3001 seditiosos
829 2956 996 3008 terret,
1025 2961 1116 2996 neo
1146 2948 1287 2999 deest
1312 2950 1560 3001 occasioni
1582 2950 1793 3002 Drusus.
1832 2951 1915 3002 29.
1946 2950 2088 3000 Miles

163 3024 317 3091 ponit
344 3020 599 3071 ferociam.
647 3016 730 3069 30.
759 3016 934 3083 Capita
957 3016 1196 3067 tumultus
1221 3033 1383 3069 caesa.
1444 3018 1694 3085 Legiones
1725 3018 1945 3069 hibernis
1982 3019 2088 3069 suis

166 3091 420 3143 redditae.
472 3086 556 3139 31.
585 3084 795 3137 Gravior
829 3086 986 3135 oritur
1019 3082 1197 3134 seditio
1231 3086 1486 3151 legionum
1529 3095 1637 3136 octo
1666 3086 2084 3138 Germanicarum.

165 3161 259 3213 32.
287 3156 506 3207 Saevitia
527 3156 580 3205 in
607 3156 941 3205 centuriones.
989 3151 1238 3203 Chaereae
1266 3154 1477 3204 facinus.
1512 3154 1595 3206 33.
1622 3154 1940 3206 Germanicus
1964 3156 2088 3206 Cae-

169 3243 262 3279 sar
288 3226 354 3275 ad
383 3226 612 3291 legiones
639 3239 668 3273 e
696 3222 860 3273 Gallia
894 3228 1158 3287 properat:
1200 3220 1283 3272 34.
1320 3237 1445 3286 quas
1483 3223 1549 3273 ad
1591 3222 1742 3271 fidem
1786 3223 2083 3275 cohortatur.

165 3292 258 3349 35.
292 3294 396 3345 Eae
440 3292 667 3357 querelas
710 3299 972 3358 promunt:
1025 3304 1146 3356 pars
1175 3292 1435 3355 imperium
1471 3291 1685 3341 offerunt
1714 3294 1890 3342 acriter
1930 3293 2086 3342 abnu-

172 3365 309 3429 enti..⁴
354 3360 436 3414 36.
482 3359 722 3410 Remedia
765 3359 1004 3424 quaesita.
1067 3357 1150 3409 37.
1199 3358 1372 3425 Oblata
1412 3359 1585 3409 missio
1636 3365 1683 3418 et
1726 3362 1963 3425 pecunia:
2014 3361 2086 3411 sie

173 3432 380 3500 paulum
422 3442 664 3495 oppressa
719 3429 913 3477 seditio.
989 3424 1074 3478 38.
1115 3426 1379 3476 vexillarii
1435 3427 1662 3476 turbant:
1721 3444 1845 3491 quos
1896 3430 2084 3481 fortiter

171 3504 368 3551 coercet
396 3497 477 3547 Μ’.
507 3496 712 3546 Ennius.
787 3496 870 3547 39.
909 3496 1084 3545 Denuo
1131 3496 1355 3561 legiones
1392 3499 1425 3547 Ι.
1462 3504 1510 3547 et
1537 3495 1652 3546 XX.
1684 3498 1895 3548 turbant.
1962 3498 2117 3549 Cae-·

271 3585 453 3625 ‘mem
480 3584 618 3623 mas
648 3582 688 3623 1.
1526 3596 1544 3607 =
1752 3566 1781 3625 1
