2475 4000
545 231 756 278 mann
785 220 1643 306 v1.cA1>.40—43(34—37).
1980 220 2096 289 171

107 395 216 445 tum
243 369 452 446 omissa
487 386 760 446 Armenia
804 403 1128 465 versaeque
1167 388 1447 448 Artabani
1495 408 1622 464 res,
1665 387 1957 451 inliciente
1996 391 2095 451 Vi·
2122 406 2149 445 5

33 488 41 497 ’
108 470 262 530 tellio
289 470 630 532 desererent
658 488 860 548 regem
892 489 1126 531 saevum
1157 473 1213 532 in
1248 491 1395 552 pace
1432 482 1489 532 et
1538 473 1799 534 adversis
1842 474 2101 554 proelio·
2221 469 2225 479 '

107 573 222 613 rum
251 557 574 616 exitiosum.
609 557 788 632 igitur
823 556 1138 633 Sinnaces,
1176 575 1345 636 quem
1378 559 1858 618 anteainfensum
1886 566 2099 617 memo—

107 640 258 714 ravi,
291 650 514 718 patrem
553 638 951 717 Abdagaesen
991 641 1255 720 aliosque
1294 641 1563 702 occultos
1609 642 1835 702 consilii
1876 651 1933 702 et
1967 651 2102 702 tunc

110 725 378 783 continuis
428 723 687 794 cladibus
739 726 1128 802 promptiores
1173 725 1246 784 ad
1300 725 1690 785 defectionem
1734 725 1933 802 trahit,
2002 726 2098 786 ad-

111 806 404 868 fluentibus
435 808 708 887 paulatim
739 810 835 886 qui
871 818 1026 868 metu
1066 811 1253 886 magis
1301 827 1468 888 quam
1510 809 1926 891 benevolentia
1968 809 2169 872 sub-10

104 891 230 950 iecti
257 895 510 972 repertis
535 892 871 953 auctoribus
901 894 1251 953 sustulerant
1294 895 1557 953 animum.
1621 912 1732 953 nec
1788 897 1899 953 iam
1950 892 2103 953 aliud

103 976 391 1038 Artabano
425 977 710 1056 reliquum
743 995 912 1056 quam
945 978 994 1035 si
1026 979 1123 1055 qui
1153 987 1522 1038 externorum
1550 979 1791 1057 corpori
1830 977 2103 1037 custodes

103 1059 346 1138 aderant,
387 1064 504 1122 suis
537 1063 782 1140 quisque
819 1061 1052 1120 sedibus
1083 1072 1374 1139 extorres,
1407 1064 1536 1140 quis
1560 1079 1749 1140 neque
1772 1061 1909 1122 boni
1935 1060 2102 1120 intel-

101 1143 274 1206 lectus
299 1163 498 1224 neque
526 1144 848 1222 malilcura,
884 1145 988 1205 sed
1015 1147 1287 1206 mercede
1320 1147 1544 1206 aluntur
1584 1147 1825 1206 ministri
1866 1145 2101 1204 sceleri·
2150 1183 2155 1188 -

99 1227 214 1288 bus.
278 1230 370 1291 bis
392 1230 765 1308 adsumptis
748 1248 805 1288 ιιι
837 1229 1156 1329 longinqua
1197 1240 1255 1289 et
1300 1233 1653 1290 contermina
1702 1230 1977 1304 Scythiae
2017 1228 2101 1287 fu·
2122 1245 2172 1286 15

99 1331 220 1388 gam
249 1316 576 1390 maturavi,t
609 1332 716 1392 spe
749 1315 978 1389 auxilii,
1010 1316 1142 1392 quia
1183 1314 1469 1389 Hyrcanis
1515 1313 1973 1391 Carmaniisque
1995 1316 2103 1390 pei·

101 1397 443 1460 adfinitatem
473 1401 717 1458 innexus
755 1407 908 1457 erat.
939 1406 1113 1476 atque
1147 1400 1372 1476 interim
1408 1417 1588 1488 posse
1624 1399 1866 1459 Parthos
1892 1396 2098 1456 absen·
2079 1408 2171 1463 -37

101 1482 224 1540 tium
256 1501 504 1563 aequos,
545 1482 950 1561 praesentibus
979 1482 1250 1560 mobiles,
1282 1483 1355 1544 ad
1384 1481 1788 1562 paenitentiam
1818 1481 2043 1540 mutari.

209 1569 309 1634 43.
327 1568 440 1628 At
478 1566 750 1627 Vitellius
795 1567 1048 1646 profugo
1092 1567 1392 1629 Artabano
1436 1578 1493 1627 et
1536 1568 1708 1627 flexis
1756 1567 1829 1627 ad
1891 1583 2101 1624 novum

99 1667 289 1727 regem
322 1652 688 1732 popularium
727 1653 959 1727 animiS,
1009 1653 1267 1712 hortatus
1304 1652 1598 1712 Tiridaten
1640 1661 1843 1730 parata
1896 1667 2099 1730 capes-

102 1751 246 1812 sere,
284 1737 464 1798 robur
495 1736 790 1813 legionum
819 1737 1228 1816 sociorumque
1262 1739 1445 1817 ripam
1478 1736 1550 1796 ad
1580 1737 1895 1815 Euphratis
1924 1733 2097 1794 ducit.

102 1821 586 1898 sacrificantibus,
638 1839 766 1881 cum
809 1821 904 1881 hic
949 1831 1114 1881 more
1155 1822 1417 1881 Romano
1460 1821 1875 1880 suovetaurilia
1914 1818 2099 1892 daret,

97 1900 190 1961 ille
233 1923 442 1984 equum
492 1906 778 1985 placando
835 1908 982 1966 amni
1034 1905 1407 1979 adornasset,
1460 1904 1801 1962 nuntiavere
1858 1902 2099 1961 accolae
2124 1920 2148 1957 5

97 1983 426 2067 Euphraten
456 1990 613 2051 nulla
641 1989 901 2052 imbrium
933 1991 990 2049 vi
1022 1999 1234 2069 sponte
1262 1998 1321 2047 et
1353 1989 1670 2047 inmensum
1694 1986 1901 2061 attolli,
1935 1985 2101 2044 simul

95 2071 416 2136 albentibus
462 2078 679 2153 spumis
727 2076 785 2133 in
825 2075 1053 2134 modum
1095 2073 1435 2133 diadematis
1474 2073 1704 2131 sinuare
1752 2069 1962 2144 orbes,
2007 2086 2099 2127 au·

59 2158 337 2233 ·spicium
369 2161 636 2237 prosperi
678 2168 1104 2235 transgressus.
1175 2156 1403 2235 quidam
1457 2155 1717 2216 callidius
1756 2155 2099 2233 interpreta-

89 2236 328 2315 bantur,
363 2242 521 2300 initia
568 2251 808 2302 conatus
851 2241 1107 2301 secunda
1153 2259 1347 2320 neque
1390 2240 1678 2317 diuturna,
1724 2242 1855 2319 quia
1902 2254 2100 2298 eorum

90 2339 240 2399 quae
283 2332 442 2385 terra
497 2326 745 2386 caelove
790 2325 1275 2405 portenderentur
1317 2328 1533 2386 certior
1587 2325 1767 2401 fides,
1810 2325 2097 2385 fluminum
2122 2346 2169 2386 ιο

90 2406 388 2468 instabilis·
427 2417 626 2469 natura
681 2410 847 2470 simul
901 2409 1239 2471 ostenderet
1290 2411 1481 2471 omina
1525 2418 1900 2490 raperetque.
1994 2406 2101 2467 sed

94 2500 268 2567 ponte
299 2492 544 2553 navibus
575 2494 787 2554 effecto
823 2497 1210 2574 tramissoque
1243 2496 1507 2555 exercitu
1552 2496 1771 2573 primus
1802 2492 2097 2569 Ornospa—

96 2574 192 2635 des
235 2576 431 2637 multis
487 2580 740 2657 equitum
783 2579 1012 2640 milibus
1053 2582 1110 2640 in
1153 2589 1345 2639 castra
1386 2581 1577 2657 venit,
1634 2577 1767 2638 exul
1815 2574 2099 2654 quondam

98 2669 149 2718 et
175 2660 431 2740 Tiberio,
460 2669 588 2722 cum
612 2663 992 2724 Delmaticum
1022 2664 1237 2725 bellum
1273 2664 1615 2738 conficeret,
1643 2660 1795 2722 haud
1816 2660 2101 2738 inglorius

98 2746 400 2807 auxiliator
433 2764 624 2825 eoque
659 2749 894 2808 civitate
923 2748 1182 2810 Romana
1216 2749 1479 2825 donatus,
1514 2763 1652 2807 mox
1682 2747 1928 2825 repetita
1960 2743 2167 2803 ami-15

101 2828 222 2889 citia
263 2833 428 2909 regis
467 2832 643 2892 multo
694 2832 843 2912 apud
885 2851 1014 2893 eum
1053 2833 1313 2908 honore,
1365 2832 1698 2913 praefectus
1740 2830 1961 2908 campis
2004 2828 2099 2906 qui

99 2912 382 2991 Euphrate
413 2925 473 2975 et
500 2916 678 2994 Tigre
708 2917 940 2977 inclutis
981 2917 1239 2977 amnibus
1284 2915 1601 2977 circumflui
1636 2912 2097 2992 Mesopotamiae

99 3010 296 3059 nomen
327 3010 704 3081 acceperunt.
755 3018 947 3080 neque
983 3001 1162 3060 multo
1190 3010 1329 3080 post
1357 3002 1639 3061 Sinnaces
1668 3008 1846 3076 auget
1868 2998 2095 3097 copias,

100 3086 151 3137 et
179 3084 442 3145 columen
469 3088 711 3164 partium
743 3084 1130 3163 Abdagaeses
1157 3102 1360 3162 gazam
1398 3093 1454 3144 et
1485 3094 1719 3164 paratus
1748 3084 1955 3159 regios
1980 3078 2097 3140 adi-

99 3163 189 3225 cit.
257 3169 528 3229 Vitellius
581 3179 912 3231 ostentasse
966 3169 1235 3229 Romana
1280 3186 1437 3229 arma
1498 3172 1638 3228 satis
1690 3176 1847 3227 ratus
1898 3171 2095 3229 mouet
2116 3184 2169 3225 πο

100 3243 380 3312 Tiridaten
411 3255 846 3334 primoresque,
875 3254 1057 3331 hunc,
1092 3253 1353 3313 Phraatis
1396 3253 1489 3312 avi
1530 3262 1589 3312 et
1631 3252 1836 3312 altoris
1881 3249 2096 3315 Gaesa-

97 3330 170 3388 ris
201 3352 463 3416 quaeque
506 3340 815 3420 utrobique
861 3338 1101 3417 pulchra
1145 3337 1492 3413 meminerit,
1536 3337 1705 3413 illos,
1756 3333 2099 3414 obsequium

97 3412 149 3471 in
177 3434 394 3500 regem,
423 3426 809 3485 reverentiam
837 3426 894 3483 in
921 3440 1062 3498 nos,
1107 3422 1289 3482 decus
1336 3422 1577 3500 quisque
1614 3438 1776 3481 suum
1818 3429 1878 3479 et
1926 3418 2097 3479 fidem

95 3502 419 3566 retinerent.
479 3509 632 3567 exim
663 3526 789 3569 cum
821 3470 1198 3586 legionibus
1181 3524 1238 3566 ιιι
1268 3506 1493 3567 Suriam
1522 3506 1819 3566 remeavit.
