2475 4000
581 161 792 208 mann
815 161 908 208 ιν.
943 161 1092 208 cnr.
1123 159 1362 212 56—60.
1865 135 1995 209 ’141

47 316 217 376 culum
258 317 412 374 auxit
454 331 600 374 vana
638 316 880 374 rumoris
934 314 1313 393 praebuitque
1367 318 1481 394 ipsi
1540 318 1831 378 materiem
1902 335 2005 376 cur

45 400 308 458 amicitiae
353 398 822 476 constantiaeque
864 400 1057 458 Seiani
1100 401 1284 483 magis
1326 400 1550 459 fideret.
1625 400 2005 460 vescebantur

45 484 96 540 in
128 483 254 541 villa
286 485 375 541 cui
403 482 746 542 vocabulum
774 483 1130 561 Speluncae,
1160 501 1317 542 mare
1348 482 1720 543 Amuclanum
1765 487 1910 543 inter
1950 491 2011 544 et

45 565 331 627 Fundanos
359 575 617 643 montes,
662 568 855 626 nativo
899 568 956 624 in
1005 584 1204 645 specu.
1278 568 1400 626 eius
1444 585 1511 627 os
1555 568 1735 645 lapsis
1764 576 2005 645 repente
2030 583 2055 622 ⁵

47 652 186 708 saxis
217 651 404 711 obruit
435 650 709 729 qu'osdam
737 652 1058 722 ministros:
1093 650 1225 710 hinc
1257 661 1441 711 metus
1469 654 1527 710 in
1556 669 1758 710 omnes
1787 658 1845 708 et
1872 652 2011 728 suga
2075 659 2084 669 ’

47 751 227 793 eorum
259 737 351 813 qui
405 735 733 794 convivium
780 733 1169 794 celebrabant.
1246 735 1487 795 Seianus
1539 753 1692 812 genu
1737 733 2011 812 vultuque

49 826 98 875 et
121 818 370 879 manibus
404 837 580 897 super
610 817 920 879 Caesarem
947 837 1265 896 suspensus
1289 820 1563 898 opposuit
1591 837 1725 878 sese
1758 817 2011 877 inciden-

47 900 208 978 tibus,
253 912 425 980 atque
457 902 649 962 habitu
691 902 789 962 tali
830 911 1096 982 repertus
1133 911 1222 961 est
1255 921 1286 962 a
1318 903 1588 962 militibus
1619 904 1716 981 qui
1756 900 2012 960 subsidio

46 997 320 1046 venerant.
377 988 562 1046 maior
592 1005 666 1046 ex
694 1004 799 1062 en,
845 995 902 1045 et
946 1005 1281 1065 quamquam
1325 989 1571 1047 exitiosa
1614 985 1910 1060 suaderet,
1957 992 2015 1042 ut
2034 1001 2084 1041 ιο

46 1085 144 1126 non
171 1073 253 1129 sui
283 1071 515 1147 anxius,
559 1088 683 1129 cum
716 1070 826 1130 fide
857 1070 1204 1130 audiebatur.
1278 1070 1767 1169 adsimulabatque
1810 1031 2015 1128 iudicis

46 1161 222 1230 partes
261 1153 568 1214 adversum
613 1154 932 1215 Germanici
974 1156 1241 1233 stirpem,
1298 1145 1535 1214 subditis
1579 1155 1674 1232 qui
1717 1161 2015 1212 accusato-

43 1255 149 1295 rum
184 1241 411 1298 nomina
459 1241 804 1297 sustinerent
855 1239 1214 1316 maximeque
1255 1239 1673 1298 insectarentur
1724 1236 2019 1299 Neronem

43 1323 346 1396 proximum
376 1324 739 1382 successioni
775 1330 861 1398 et,
911 1339 1247 1400 quamquam
1282 1323 1544 1381 modesta
1586 1321 1846 1396 iuventa,
1889 1319 2013 1398 ple-

41 1421 263 1483 rumque
307 1417 500 1466 tamen
556 1406 688 1483 quid
734 1407 791 1463 in
846 1407 1299 1483 praesentiarum
1357 1405 1709 1466 conduceret
1757 1403 2013 1479 oblitum,
2035 1418 2084 1458 15

41 1486 158 1546 dum
185 1509 214 1550 a
246 1491 474 1550 libertis
515 1499 572 1548 et
621 1489 947 1565 clientibus,
991 1491 1339 1569 apiscendae
1382 1490 1675 1569 potentiae
1724 1489 2014 1567 properis,

41 1576 422 1636 exstimulatur
453 1583 512 1633 ut
541 1583 793 1634 erectum
836 1582 892 1632 et
933 1573 1199 1633 fidentem
1237 1576 1405 1637 animi
1451 1572 1817 1634 ostenderet:
1861 1571 2018 1630 velle

39 1655 86 1712 id
119 1660 392 1737 populum
419 1658 754 1754 Romanum,
787 1676 1002 1737 cupere
1033 1660 1343 1736 exercitus,
1375 1677 1563 1737 neque
1584 1675 1851 1718 ausurum
1881 1672 2015 1714 con-

35 1747 110 1798 tra
147 1743 435 1819 Seianum,
471 1742 568 1820 qui
597 1760 745 1845 nunc
773 1745 1104 1821 patientiam
1145 1745 1299 1802 senis
1348 1750 1405 1801 et
1448 1743 1749 1818 segnitiam
1792 1740 2027 1798 iuvenis·

35 1824 180 1884 iuxta
210 1828 468 1886 insultet.
1384 1853 1388 1857 ·
2032 1825 2087 1867 2⁰

149 1910 248 1970 60.
289 1911 454 1970 Haec
489 1919 659 1987 atque
687 1908 823 1970 talia
852 1909 1100 1970 audienti
1145 1908 1285 1967 nihil
1334 1907 1561 1985 quidem
1605 1922 1821 1984 pravae
1857 1907 2016 1981 cogi-

33 1992 284 2073 tationis,
354 1993 460 2054 sed
508 1993 787 2054 interdum
837 2012 1020 2055 voces
1077 1990 1475 2071 procedebant
1537 1998 1905 2050 contumaces
1963 1995 2023 2046 et

35 2076 426 2152 inconsultae,
463 2096 604 2155 quas
635 2078 883 2156 adpositi
920 2076 1188 2136 custodes
1222 2084 1502 2153 exceptas
1542 2082 1855 2151 auctasque
1896 2088 2023 2131 cum

35 2158 325 2220 deferrent
355 2176 543 2236 neque
571 2161 789 2219 Neroni
817 2160 1134 2220 defendere
1166 2158 1398 2219 dare'tur
1418 2204 1434 2235 ‚
1482 2159 1747 2220 diversae
1785 2159 2024 2235 insuper

35 2242 484 2303 sollicitudinum
511 2244 732 2303 formae
776 2243 1124 2303 oriebantur.
1176 2237 1323 2303 'nam
1364 2244 1508 2303 alius
1546 2260 1851 2304 occursum
1900 2242 2069 2305 eius5

35 2330 209 2388 vitare
231 2373 250 2404 ,
287 2324 520 2404 quidam
549 2326 891 2386 salutatione
918 2325 1140 2387 reddita
1175 2330 1361 2393 statim
1392 2330 1607 2404 averti,
1642 2325 1905 2406 plerique
1941 2326 2022 2384 in-

35 2422 256 2490 ceptum
291 2426 620 2470 sermonem
650 2410 1025 2490 abrumpere,
1061 2412 1453 2472 insistentibus
1495 2420 1694 2471 contra
1735 2409 2023 2468 inridenti-

35 2492 248 2576 busque
284 2494 386 2573 qui
416 2495 626 2554 Seiano
655 2494 911 2555 fautores
943 2495 1196 2557 aderant.
1269 2498 1561 2556 enimvero
1597 2493 1862 2555 Tiberius
1907 2501 2025 2551 tor-

35 2598 129 2638 vus
171 2589 271 2641 aut
313 2578 525 2639 falsum
573 2579 843 2639 renidens
901 2580 1088 2640 vultu:
1159 2599 1265 2640 seu
1316 2580 1653 2658 loqueretur
1713 2596 1817 2637 seu
1869 2585 2023 2635 tace-

35 2674 116 2723 ret
144 2666 413 2739 iuveniS‚
463 2663 679 2723 crimen
726 2682 802 2723 ex
842 2664 1103 2740 silentio,
1147 2684 1222 2723 ex
1268 2683 1440 2726 voce.
1514 2682 1588 2722 ne
1631 2679 1749 2722 nox
1801 2658 2095 2739 quidem.1o

37 2764 253 2826 secura,
291 2765 422 2809 cum
451 2764 598 2807 uxor
632 2748 862 2823 vigilias
893 2765 1128 2807 somnos
1159 2750 1405 2827 suspiria
1437 2748 1600 2807 matri
1628 2746 1823 2805 Liviae
1855 2752 2027 2821 atque

36 2830 125 2891 illa
153 2835 372 2894 Seiano
410 2832 794 2911 patefaceret;
841 2833 937 2909 qui
975 2833 1212 2892 fratrem
1241 2850 1471 2911 quoque
1500 2830 1751 2891 Neronis
1779 2828 2029 2887 Drusum

38 2919 196 2977 traxit
230 2921 290 2977 in
321 2925 544 2995 partes,
584 2934 690 2995 spe
720 2914 951 2976 obiecta
983 2918 1263 2993 principis
1290 2917 1437 2990 loci,
1469 2918 1516 2975 si
1549 2916 1805 2994 priorem
1837 2920 2026 2972 aetate

38 3007 88 3056 et
119 3002 224 3059 iam
255 3001 610 3061 labefactum
641 3000 1010 3060 demovisset.
1084 3008 1253 3059 atrox
1293 2999 1467 3059 Drusi
1507 2998 1798 3076 ingenium
1851 3014 2029 3075 super

39 3084 358 3161 cupidinem
404 3085 700 3163 potentiae
734 3093 792 3143 et
824 3084 994 3155 solita
1030 3082 1305 3142 fratribus
1334 3083 1468 3142 odia
1500 3080 1924 3142 accendebatur
1944 3082 2027 3138 in·
2050 3091 2097 3131 1⁵

38 3167 200 3245 vidia,
233 3168 395 3249 quod
425 3177 610 3228 mater
636 3169 960 3247 Agrippina
996 3170 1321 3246 promptior
1349 3166 1568 3227 Neroni
1626 3174 1770 3225 erat.
1838 3181 2031 3241 neque

37 3256 216 3311 tamen
249 3254 496 3313 Seianus
539 3254 618 3312 ita
659 3252 906 3311 Drusum
949 3251 1219 3327 fovebat,
1265 3260 1324 3309 ut
1368 3266 1485 3309 non
1528 3250 1585 3307 in
1629 3267 1755 3308 eum
1796 3265 2029 3325 quoque

37 3339 245 3396 semina
275 3337 454 3396 futuri
485 3338 641 3396 exitii
681 3336 1083 3413 meditaretur,
1132 3353 1347 3414 gnarus
1396 3332 1797 3413 praeferocem
1840 3340 1898 3391 et
1948 3332 2029 3389 in-

37 3418 188 3479 uidiis
223 3421 414 3497 magis
446 3429 805 3499 oportunum.
