2475 4000
317 163 436 226 100
823 168 1152 218 cossnnnn
1175 164 1411 215 nem
1434 162 1801 211 ANNALmu

440 326 542 387 49.
581 323 724 384 Fine
761 324 888 383 anni
921 323 1210 383 Lutorium
1239 321 1493 379 Priscum
1526 318 1779 396 equitem
1802 314 2150 390 Romanum,
2182 323 2307 393 post

321 410 555 487 celebre
592 426 842 484 carmen,
879 425 994 485 quo
1019 404 1342 466 Germanici
1371 419 1640 480 suprema
1675 399 2033 475 defleverat,
2070 401 2311 477 pecunia

318 497 586 556 donatum
616 509 649 552 a
672 490 952 568 Caesare,
983 490 1263 567 corripuit
1295 487 1539 561 delator,
1574 484 1879 543 obiectans
1910 501 2101 560 aegro
2126 484 2313 543 Druso
2402 484 2412 495 '

321 577 720 657 composuisse
753 575 929 655 quod,
963 574 1013 633 si
1047 573 1333 632 extinctus
1363 570 1539 644 foret,
1569 570 1787 627 maiore
1820 570 2087 644 praemio
2122 568 2313 643 vulga·

271 682 296 721 5
320 670 496 721 retur.
553 660 610 721 id
651 660 918 721 Lutorius‘
952 659 1008 716 in
1051 657 1222 717 domo
1266 655 1326 714 P.
1364 653 1647 726 Petronii,
1692 668 1865 709 socru
1912 652 2041 710 eius
2082 652 2316 711 Vitellia

321 762 514 805 coram
555 744 862 823 multisque
903 739 1237 800 inlustribus
1279 738 1537 812 feminis,
1576 752 1685 816 per
1712 734 2217 812 vaniloquentiam
2243 735 2314 793 le-

318 838 500 906 gerat.
530 858 544 868 -
577 837 634 887 ut
671 818 898 887 delator
941 825 1156 899 extitit,
1215 823 1430 883 ceteris
1466 821 1537 882 ad
1566 819 1883 887 ,dicendum
1929 820 2313 879 testimonium

321 913 641 986 exterritis,
690 912 817 970 sola
854 908 1090 969 Vitellia
1131 906 1273 966 nihil
1316 924 1382 965 se
1423 905 1713 965 audivisse
1752 901 2160 964 adseveravit.
2224 902 2317 962 sed

321 995 690 1075 arguentibus
739 994 813 1053 ad
862 992 1176 1071 perniciem
1221 990 1353 1070 plus
1396 990 1532 1049 fidei
1572 987 1707 1062 fuit,
1757 988 2179 1066 sententiaque
2220 987 2315 1046 Ha-

255 1099 304 1140 ιο
324 1082 450 1141 terii
476 1079 778 1157 Agrippae
811 1076 1064 1138 consulis
1106 1074 1393 1151 designati
1437 1073 1707 1132 indictum
1744 1086 1847 1129 reo
1894 1070 2165 1130 ultimum
2198 1089 2314 1149 snp-

367 1164 576 1225 licium.

326 1184 363 1243 p
449 1248 549 1307 50.
595 1236 810 1307 Contra
834 1243 932 1305 Μ’.
972 1242 1224 1324 Lepidus
1252 1243 1309 1300 in
1343 1240 1494 1300 hune
1522 1239 1754 1299 modum
1785 1255 2040 1299 exorsus
2084 1248 2198 1298 est:
2228 1240 2310 1315 ‘si‚

225 1332 231 1343 “
326 1339 520 1411 patres
567 1329 914 1406 conscripti,
960 1345 1128 1386 unum
1173 1326 1230 1385 id
1269 1334 1636 1403 spectamus,
1692 1340 1860 1401 quam
1902 1323 2143 1383 nefaria
2178 1339 2311 1381 voce

325 1412 589 1473 Lutorius
636 1413 864 1472 Priscus
905 1420 1154 1470 mentem
1195 1428 1352 1469 suam
1390 1418 1449 1468 et
1486 1425 1656 1468 aures
1696 1406 1984 1465 hominum
2029 1407 2317 1485 polluerit,

327 1512 516 1573 neque
559 1512 762 1555 carcer
801 1512 990 1571 neque
1039 1495 1315 1571 laqueus,
1358 1510 1431 1551 ne
1474 1491 1721 1551 serviles
1760 1490 1995 1569 quidem
2037 1494 2324 1551 cruciatus

285 1582 387 1639 sin
430 1596 556 1638 eum
600 1578 955 1638 suffecerint.
1029 1578 1117 1636 sin
1156 1576 1371 1653 flagitia
1416 1585 1475 1635 et
1517 1576 1775 1635 facinora
1807 1575 1931 1633 sine
1965 1576 2153 1635 modo
2188 1584 2325 1648 sunt,

333 1663 629 1741 suppliciis
685 1680 754 1721 ac
790 1660 1078 1732 ,remediis
1127 1662 1407 1739 principis
1452 1660 1774 1719 moderatio
1821 1660 2233 1739 maiorumque
2280 1668 2330 1717 et

335 1756 524 1807 vestra
556 1744 822 1823 exempla
852 1753 1199 1823 temperant,
1233 1753 1291 1803 et
1319 1762 1465 1803 vana
1498 1762 1531 1803 a
1560 1742 1859 1817 scelesti8‚
1904 1743 2059 1802 dicta
2092 1764 2130 1804 a
2162 1744 2325 1805 male-

331 1830 476 1889 ficiis
505 1828 793 1905 differunt,
825 1838 914 1889 est
942 1828 1108 1888 locus
1136 1830 1479 1903 sententiae,
1511 1846 1619 1906 per
1651 1844 1819 1905 quam
1846 1843 2042 1903 neque
2070 1827 2214 1888 huic
2238 1829 2327 1887 de-

330 1914 526 1973 lictum
555 1914 783 1992 impune
825 1914 898 1973 sit
939 1922 996 1972 et
1024 1930 1132 1973 nos
1163 1913 1505 1973 clementiae
1540 1912 1704 1971 simul
1738 1929 1809 1971 ac
1842 1914 2190 1971 severitatis
2224 1929 2329 1970 non

265 2022 314 2063 ιο
335 2001 641 2078 paeniteat.
721 2016 904 2077 saepe
945 2000 1133 2058 audivi
1184 1999 1503 2076 principem
1546 2005 1801 2056 nostrum
1848 2007 2328 2074 conquerentem,

333 2084 382 2142 si
418 2085 545 2162 quis
579 2091 802 2160 sumpta
845 2091 1032 2142 morte
1065 2081 1520 2142 misericordiam
1564 2081 1689 2140 eius
1725 2082 2160 2158 praevenisset.
2222 2083 2329 2142 vita

322 2166 546 2226 Lutorii
585 2167 644 2224 in
685 2167 912 2242 integro
961 2177 1082 2243 est,
1124 2167 1221 2244 qui
1263 2182 1451 2242 neque
1486 2173 1749 2223 servatus
1794 2165 1851 2222 in
1881 2165 2215 2242 periculum
2253 2165 2330 2223 rei

335 2249 602 2327 publicae
639 2268 829 2327 neque
869 2251 1206 2310 interfectus
1246 2249 1303 2308 in
1333 2248 1660 2325 exemplum
1698 2248 1821 2307 ibit.
1878 2248 2069 2308 studia
2105 2251 2225 2324 illi,
2277 2257 2332 2306 ut

336 2332 509 2410 plena
553 2333 940 2410 vaecordiae,
1002 2335 1081 2393 ita
1127 2335 1313 2392 inania
1360 2341 1421 2392 et
1461 2332 1614 2392 fluxa
1658 2341 1813 2402 sunt;
1866 2350 1977 2392 uec
2026 2336 2325 2411 quicquam

269 2436 316 2476 15
336 2434 516 2494 grave
547 2434 616 2476 ac
649 2419 860 2478 serium
891 2436 966 2476 ex
998 2426 1356 2491 cometam,
1406 2417 1499 2493 qui
1542 2434 1773 2476 suorum
1816 2417 1944 2496 ipse
1986 2415 2323 2493 flagitiorum

337 2499 598 2578 proditor
619 2519 733 2562 non
751 2503 1001 2561 virorum
1032 2501 1229 2560 animis
1256 2499 1359 2559 sed
1382 2500 1846 2560 muliercularum
1867 2499 2122 2578 adrepit.
2172 2499 2331 2560 cedat

335 2587 525 2644 tamen
557 2585 700 2646 urbe
733 2596 792 2646 et
818 2585 986 2644 honis
1017 2585 1240 2643 amissis
1271 2601 1417 2663 aqua
1448 2592 1508 2642 et
1536 2584 1653 2660 igni
1683 2594 1977 2643 arceatur:
2014 2587 2178 2664 quod
2204 2603 2331 2662 per-

338 2668 470 2728 inde
514 2687 730 2728 censeo
769 2687 840 2728 ac
885 2669 932 2726 si
967 2668 1103 2745 lege
1135 2668 1449 2728 maiestatis
1479 2672 1821 2727 teneretur?

457 2754 558 2814 51.
602 2753 776 2814 Solus
807 2750 1026 2830 Lepido
1064 2751 1367 2812 Rubellius
1409 2751 1662 2811 Blandus
1706 2770 1738 2810 e
1786 2752 2197 2812 consularibus
2244 2753 2338 2812 ad·

341 2837 548 2898 sensit:
583 2837 767 2896 ceteri
795 2837 1134 2896 sententiam
1165 2835 1464 2914 Agrippae
1494 2837 1711 2908 secuti,
1760 2836 2083 2914 ductusque
2115 2839 2175 2896 in
2210 2855 2341 2896 cas·-

322 2939 534 2994 Bcerem
575 2920 806 2980 Priscus
851 2938 920 2979 ac
972 2921 1158 2979 statim
1188 2921 1561 2979 exanimatus.
1619 2920 1675 2978 id
1708 2919 1969 2980 Tiberius
1996 2921 2191 2980 solitis
2231 2921 2343 2981 sibi

341 3004 676 3080 ambagibus
713 3003 863 3080 apud
896 3013 1152 3063 senatum
1184 3005 1497 3079 incusavit,
1554 3022 1679 3063 cum
1712 3004 2027 3063 extolleret
2059 3006 2345 3082 pietatem

293 3110 319 3148 5
340 3089 594 3166 quamvis
626 3089 882 3148 modicas
914 3089 1188 3166 principis
1233 3088 1465 3148 iniurias
1512 3089 1725 3147 acriter
1754 3088 2187 3163 ulciscentium,
2241 3090 2344 3148 de·

341 3179 680 3248 precaretur
714 3179 827 3231 tam
857 3173 1194 3250 praecipitis
1224 3171 1535 3232 verborum
1563 3189 1784 3248 peenas
1802 3193 1818 3245 ;
1861 3173 2124 3232 laudaret
2167 3173 2345 3251 Lepi-

342 3255 492 3330 dum,
531 3273 721 3332 neque
759 3255 1076 3336 Agrippam
1107 3265 1402 3333 argueret.
1468 3255 1640 3331 igitur
1686 3254 1898 3316 factum
1930 3266 2167 3325 senatus
2200 3275 2345 3316 con-

337 3337 580 3413 sultum,
627 3357 699 3397 ne
731 3339 966 3414 decreta
996 3350 1214 3420 patrum
1245 3349 1375 3399 ante
1408 3338 1721 3400 decumum
1751 3341 1898 3400 diem
1932 3341 2004 3400 ad
2052 3342 2349 3401 aerarium

339 3419 704 3481 deferrentur
732 3425 903 3503 idque
934 3426 1088 3485 vitae
1119 3425 1364 3502 spatium
1406 3422 1682 3484 damnatis
1727 3434 2165 3502 prorogaretur.
2209 3426 2351 3486 -sed
