2475 4000
279 207 359 268 20
732 203 1099 262 ‘coenan
1131 212 1367 260 mern
1401 211 1763 262 nummum

279 370 758 447 ritas,·flagitiosa
790 369 1048 444 largitio:
1078 386 1182 426 seu
1213 366 1355 426 nihil
1379 365 1541 426 militi
1582 365 1707 424 sive
1750 363 1937 422 omnia
1980 360 2291 420 concede-

279 465 496 529 rentur,
526 455 582 512 in
611 452 843 530 ancipiti
869 470 968 512 res
1011 451 1263 530 publica.
1348 451 1519 526 igitur
1561 447 1831 507 volutatis
1872 447 2021 504 inter
2073 463 2143 504 se
2189 461 2292 504 ra-

218 534 528 602 io'tionibus
561 536 830 614 placitum
861 544 922 594 ut
954 535 1236 612 epistulae
1267 535 1496 592 nomine
1525 531 1803 609 principis
1847 529 2291 589 scriberentur:

283 623 610 684 missionem
645 620 768 679 dari
797 620 1000 678 vicena
1035 617 1319 696 stipendia
1345 616 1585 690 meritis,
1620 614 1985 674 exauctorari
2010 613 2109 690 qui
2136 630 2293 671 sena

289 707 436 766 dena
468 705 742 764 fecissent
773 721 842 762 ac
873 702 1108 763 retineri
1143 699 1249 759 sub
1279 699 1497 760 vexillo
1528 707 1855 758 ceterorum
1882 697 2149 756 inmunes
2172 697 2291 755 nisi

283 787 664 867 propulsandi
672 787 876 860 hostis,
895 787 1090 862 legata
1108 802 1257 861 quae
1272 785 1595 861 petiverant
1610 781 1838 841 exsolvi
1852 781 2286 858 duplicarique.

410 873 510 933 37.
554 872 746 929 Sensit
776 869 941 928 miles
986 869 1041 926 in
1073 877 1298 945 tempus
1342 867 1586 926 conficta
1629 866 1931 943 statimque
1975 863 2288 939 flagitavit.

284 957 480 1016 missio
513 972 621 1033 per
648 953 908 1013 tribunos
937 960 1269 1026 matur-atur,
1305 951 1535 1026 largitio
1559 947 1933 1010 differebatur
1955 948 2013 1006 in
2034 946 2289 1006 hiberna

287 1040 587 1116 cuiusque.
633 1054 749 1096 non
778 1035 1128 1095 abscessere
1159 1035 1411 1112 quintani
1443 1032 2091 1108 unietvicensimanique
2110 1075 2128 1105 ,
2180 1031 2285 1090 do-

231 1163 246 1176 .
285 1141 394 1184 nec
425 1123 610 1182 isdem
641 1121 696 1182 in
725 1120 962 1180 aestivis
993 1127 1291 1178 contracta
1334 1136 1411 1178 ex
1455 1119 1667 1176 viatico
1712 1118 2023 1176 amicornm
2040 1116 2286 1192 ‚ipsius-

242 1235 266 1272 5
286 1224 397 1284 que
429 1203 698 1266 Caesaris
730 1205 974 1280 pecunia
1003 1202 1459 1280 persolveretur.
1526 1201 1765 1278 prinam
1802 1218 1872 1258 ac
1903 1200 2287 1258 vicensimam

287 1291 550 1367 legiones
583 1285 829 1346 Caecina
859 1287 1086 1362 legatus
1118 1287 1173 1344 in
1205 1287 1495 1348 civitatem
1522 1283 1803 1344 Ubiorum
1833 1282 2094 1358 reduxit,
2128 1284 2285 1360 turpi

287 1373 543 1448 agmine,
589 1387 716 1428 cum
741 1370 884 1428 'fisci
925 1369 999 1428 de
1043 1370 1391 1446 imperatore
1432 1370 1579 1446 rapti
1627 1369 1776 1428 inter
1814 1368 1977 1444 signa
2009 1368 2283 1444 interque

285 1453 506 1532 aquilas
553 1452 919 1514 veherentur.
995 1450 1365 1511 Germanicus
1416 1453 1779 1530 superiorem
1832 1450 1917 1510 ad·
1960 1450 2285 1510 exercitum

287 1537 584 1614 profectus
613 1535 922 1595 secundam
957 1544 1014 1594 et
1044 1537 1271 1595 tertiam
1302 1536 1595 1595 decumam
1628 1544 1685 1596 et
1714 1543 1941 1595 sextam
1982 1535 2285 1594 decumam

222 1622 557 1698 inlegiones
586 1619 724 1678 nihil
757 1627 1052 1680 cunctatas
1101 1628 1461 1678 sacramento
1505 1620 1701 1696 adigit.
1772 1618 2283 1696 quartadecumani

290 1704 514 1781 paulum
558 1701 984 1763 dubitaverant:
1025 1704 1281 1781 pecunia·
1316 1712 1373 1762 et
1417 1704 1613 1762 missio
1659 1703 1916 1780 quamvis
1958 1720 2074 1776 non
2116 1701 2280 1778 flagi-

285 1786 532 1846 tantibus
569 1785 763 1846 oblata
799 1794 906 1846 est.
969 1810 976 1818 ·

409 1870 507 1930 38.
550 1870 626 1929 At
653 1871 709 1930 in
740 1868 986 1932 Chaucis
1015 1881 1368 1950 coeptavere
1394 1871 1737 1932 seditionem
1767 1869 2117 1948 praesidium
2161 1871 2279 1946 agi-

289 1962 472 2013 tantes
514 1955 796 2015 vexillarii
851 1955 1196 2018 discordium
1254 1957 1543 2033 legionum
1584 1964 1641 2015 et
1694 1955 1987 2033 praesenti
2038 1952 2277 2013 duorum

287 2038 520 2097 militum
554 2040 842 2117 supplicio
870 2040 1097 2116 paulum
1127 2042 1389 2119 repressi
1426 2048 1573 2099 sunt.
1644 2040 1893 2099 iusserat
1932 2037 1987 2097 id
2029 2036 2128 2097 Μ’.
2166 2036 2279 2099 En·

249 2174 252 2177 A
289 2121 414 2179 nius
449 2128 765 2179 castrorum
793 2116 1146 2200 praefectus,
1180 2124 1335 2183 bono
1382 2116 1565 2199 magis
1608 2123 1882 2200 exemplo
1928 2125 2099 2199 qua‘m
2139 2140 2280 2183 con-

240 2230 266 2269 g,
293 2220 463 2262 cesso
495 2203 642 2260 iure.
702 2201 905 2263 deinde
935 2207 1351 2269 intumescente
1384 2216 1542 2266 motu
1564 2207 1846 2284 profugus
1866 2215 2279 2283 repertusque,

292 2293 594 2363 postquam
626 2285 835 2343 intutae
866 2284 1153 2368 latebrae,
1200 2292 1547 2369 praesidium
1590 2290 1661 2349 ab
1694 2291 1936 2350 audacia
1964 2298 2279 2351 mutuatur:

290 2386 404 2428 non
438 2366 795 2445 praefectum
827 2367 906 2443 ab,
929 2368 1018 2444 iis,
1051 2375 1152 2433 sed
1175 2374 1569 2435 Germanicum
1598 2374 1822 2453 ducem,
1854 2374 1959 2436 sed
1986 2372 2281 2433 Tiberium

291 2454 700 2530 imperatorem
727 2450 952 2510 violari.
1013 2456 1175 2515 simul
1209 2460 1502 2517 exterritis
1538 2459 1633 2535 qui
1666 2458 2029 2533 obstiterant,
2052 2467 2281 2535 raptum

291 2535 563 2595 vexillum
587 2536 657 2595 ad
681 2536 860 2612 ripam
884 2539 1074 2611 vertit,
1101 2549 1158 2597 et
1181 2542 1226 2599 si
1252 2543 1381 2618 quis
1402 2542 1625 2618 agmine
1644 2542 2023 2616 decessisset,
2049 2558 2158 2618 pro
2176 2542 2277 2601 de-

223 2642 274 2682 10
293 2628 518 2679 sertore
535 2618 662 2678 fore
681 2618 994 2693 clamitans,
1011 2621 1234 2682 reduxit
1248 2625 1305 2682 in
1317 2624 1555 2685 hiberna
1572 2624 1837 2685 turbidos
1850 2634 1909 2685 et
1923 2624 2062 2684 nihil
2078 2643 2275 2686 ausos.

418 2702 516 2763 39.
557 2702 786 2761 Interea
826 2702 1006 2778 lega-ti
1051 2702 1130 2761 ab·
1170 2718 1371 2767 senatu
1412 2728 1745 2787 regressum
1785 2712 1894 2769 iam
1940 2708 2091 2787 apud
2122 2728 2277 2769 aram

289 2786 564 2847 Ubiorum
597 2785 992 2845 Germanicum
1026 2786 1255 2847 adeunt.
1326 2793 1469 2853 duae
1514 2794 1593 2853 ibi
1632 2794 1933 2871 legiones,
1973 2794 2157 2871 prima
2194 2803 2294 2854 at·-

285 2888 402 2949 que
432 2870 774 2944 vicensima,
821 2871 1195 2949 veteranique
1229 2890 1413 2950 nuper
1452 2880 1607 2937 missi
1653 2878 1761 2937 sub
1798 2877 2017 2937 vexillo
2058 2878 2275 2937 hiena-

289 2954 442 3013 bant.
505 2953 748 3032 pavidos
777 2962 835 3011 et
868 2955 1220 3014 conscientia
1249 2961 1571 3019 vaecordes
1599 2963 1767 3021 intrat
1796 2972 2003 3036 metuS,
2037 2964 2275 3021 venisse

245 3065 272 3104 5
298 3047 518 3116 patrum
547 3038 704 3095 iussu
737 3037 832 3117 qui
866 3037 1031 3096 inrita
1061 3037 1321 3100 facerent
1352 3060 1499 3119 quae
1531 3061 1637 3120 per
1668 3044 2007 3117 seditionem
2032 3064 2277 3123 expres·
2302 3071 2309 3079 ·
2348 3070 2359 3077 ·

290 3129 504 3181 serant.
568 3129 745 3196 utque
786 3138 910 3181 mos
949 3121 1124 3199 vulgo
1157 3128 1413 3203 quamvis
1449 3126 1611 3185 falsis
1640 3138 1797 3187 reum
1833 3129 2118 3203 subdere,
2152 3127 2277 3189 Mu-

286 3207 496 3264 natium
529 3203 798 3263 Plancum
831 3206 1128 3267 consulatu
1158 3208 1431 3284 functum,
1466 3212 1783 3289 principem
1812 3214 2141 3289 legationis,
2174 3230 2272 3273 au-

285 3297 512 3359 ctorem
546 3296 778 3352 senatus
808 3290 1052 3350 consulti
1081 3292 1369 3362 incusant;
1404 3302 1463 3352 et
1491 3302 1667 3353 nocte
1690 3296 1969 3356 concubia
1996 3296 2277 3357 vexillum

285 3373 346 3429 in
377 3371 546 3431 domo
579 3370 897 3435 Germanici
927 3376 1092 3434 situni·
1131 3375 1391 3451 flagitare
1423 3378 1733 3455 occipiunt,
1767 3393 2169 3457 concursuque
2198 3382 2277 3441 ad

217 3456 510 3521 mianum
541 3456 696 3517 facto
727 3458 1034 3519 moliuntur.
1065 3459 1249 3539 fores,
1281 3469 1596 3521 extractum
1623 3462 1800 3523 cubili
1828 3462 2139 3525 Caesarem
2160 3473 2276 3525 tra-
