2475 4000
698 189 905 239 LIBER
929 192 1030 238 111.
1061 192 1208 241 CA-P.
1231 192 1471 246 62—-67.
1768 216 1779 237 ι
1874 132 1887 159 Ι
1986 185 2107 244 107

95 344 400 417 adiectOS,
438 344 570 419 quia
603 345 902 421 proprium
932 346 1056 405 eius
1091 346 1293 407 domus
1326 348 1713 409 sacerdotium
1754 360 1946 426 esset,
1994 369 2103 429 pro

95 426 212 506 qua
252 435 386 485 vota
418 424 2165 511 persolverentur.15

227 512 331 572 65.
389 506 651 589 Exsequi
697 510 1012 572 sententias
1067 513 1218 575 haud
1264 516 1477 575 institui
1530 516 1655 575 nisi
1690 518 1943 593 insignes
1995 537 2103 596 per

94 596 310 655 honest
352 613 405 652 m
445 604 542 655 aut
591 595 833 655 notabili
883 596 1216 674 dedecore,
1270 599 1423 675 quod
1478 602 1851 678 praecipuum
1900 620 2099 661 munus
2156 610 2159 613 ⁴

93 698 240 739 anna
333 697 386 737 m
412 696 586 755 reor,
618 697 689 739 ne
725 682 964 739 virtutes
996 682 1307 757 sileantur,
1354 690 1530 761 utque
1572 684 1768 762 pravis
1809 684 1975 743 dictis
2014 686 2098 745 fa-

98 766 326 841 ctisque
360 780 434 821 ex
467 765 810 841 posteritate
841 766 1163 825 etinfamia
1195 776 1383 825 metus
1407 769 1499 826 sit.
1557 776 1813 827 ceterum
1838 776 2099 845 tempora

98 849 192 907 illa
235 848 388 907 adeo
420 847 632 907 infecta
664 856 721 906 et
761 848 1088 911 adulatione
1137 850 1371 911 sordida
1418 851 1620 927 fuere,
1670 861 1732 911 ut
1768 868 1885 909 non
1927 852 2145 911 modo5

98 936 389 1010 primores
423 932 691 1006 civitatiS,
727 932 932 1010 quibus
963 934 1245 995 claritudo
1278 952 1381 993 sua
1414 935 1713 1014 obsequiis
1738 935 2101 1013 protegenda

94 1026 240 1092 erat,
275 1014 385 1075 sed
416 1032 614 1075 omnes
646 1016 1004 1105 consulareS,
1038 1035 1243 1094 magna
1272 1035 1413 1096 pars
1446 1036 1646 1079 eorum
1692 1021 1788 1097 qui
1828 1028 2153 1097 praetura-

90 1100 269 1161 functi
303 1099 580 1177 multique
613 1100 784 1159 etiam
815 1088 1036 1177 pedarii
1061 1112 1375 1161 senatores
1408 1104 1669 1163 certatim
1714 1112 2101 1179 exsurgerent

87 1185 387 1262 foedaque
431 1192 490 1243 et
529 1185 698 1243 nimia
746 1193 1074 1245 censerent.
1143 1187 1455 1245 memoriae
1496 1187 1771 1264 proditur
1786 1185 2097 1262 Tiberium,

91 1271 364 1346 quotiens
397 1269 554 1327 curia
593 1267 1012 1343 egrederetur,
1056 1267 1297 1329 Graecis
1337 1269 1533 1329 verbis
1582 1272 1637 1329 in
1677 1270 1827 1330 hunc
1868 1272 2095 1329 modum
2118 1281 2167 1321 10

90 1352 292 1430 eloqui
339 1352 633 1411 solitum
654 1370 689 1411 o
719 1349 980 1409 homines
1024 1352 1094 1411 ad
1138 1355 1476 1413 servitutem
1522 1354 1825 1432 paratosi'
1868 1340 2099 1413 scilicet

87 1438 258 1496 etiam
295 1436 484 1511 illum,
531 1437 625 1513 qui
673 1434 1006 1495 libertatem
1053 1435 1340 1513 publicam
1382 1438 1597 1516 nollet,
1641 1447 1753 1498 tam
1795 1439 2095 1515 proiectae

86 1513 466 1582 servientium
495 1520 810 1599 patientiae
840 1518 1132 1579 taedebat.

211 1606 320 1666 66.
369 1604 648 1665 Paulatim
678 1602 888 1662 dehinc
915 1602 988 1663 ab
1020 1604 1313 1665 indecoris
1346 1605 1418 1665 ad
1446 1606 1657 1665 infesta
1699 1606 2092 1681 transgredie-

85 1690 316 1749 bantur.
388 1688 456 1748 G.
523 1688 775 1747 Silanum
839 1704 946 1765 pro
987 1688 1226 1749 consule
1282 1689 1489 1764 Asiae,
1551 1690 1996 1767 repetundarum
2062 1708 2095 1749 a

88 1776 265 1833 sociis
301 1771 677 1851 postulatum,
708 1771 1030 1831 Mamercus
1047 1774 1317 1833 Scaurus
1350 1792 1382 1832 e
1421 1772 1851 1848 consularibus,
1903 1772 2093 1833 Iunius

90 1856 242 1917 Otho
286 1866 560 1937 praetor,
611 1856 924 1917 Bruttidius
953 1856 1135 1933 Niger
1180 1856 1388 1916 aedilis
1432 1855 1597 1914 simul
1646 1858 1959 1933 corripiunt
1989 1857 2097 1917 oba

89 1943 420 2021 iectantque
455 1940 729 2000 violatum
757 1937 1024 2018 Augusti
1034 1959 1263 2016 numen,
1294 1948 1547 2019 spretam
1579 1936 1797 1996 Tiberii
1824 1942 2089 1999 maiesta-

85 2035 224 2100 tem,
253 2026 580 2085 Mamercus
603 2026 832 2108 antiqua
845 2025 1166 2102 exempla
1149 2026 1392 2098 iaciens,
1418 2023 1480 2084 L.
1511 2021 1735 2084 Cottam
1762 2041 1795 2082 a
1816 1966 2139 2098 Scipione5

85 2110 394 2183 Africano,
429 2109 692 2168 Servium
723 2099 960 2167 Galbam
989 2125 1020 2166 a
1051 2105 1277 2167 Catone
1308 2109 1613 2182 censorie,
1658 2107 1719 2170 P.
1752 2105 2025 2166 Rutilium
2060 2124 2090 2164 a

81 2192 163 2252 M.
203 2193 430 2250 Scauro
465 2199 792 2250 accusatos.
856 2191 1130 2250 videlicet
1159 2193 1360 2269 Scipio
1398 2201 1459 2252 et.
1486 2189 1631 2251 Cato
1664 2191 1797 2250 talia
1842 2190 2088 2250 ulcisce-

81 2277 330 2350 bantur,
379 2283 474 2334 aut
514 2273 614 2332 ille
656 2275 940 2352 Scaurus,
987 2292 1158 2352 quem
1197 2293 1474 2354 proavum
1522 2293 1682 2336 suum
1713 2274 2087 2352 obprobrium

85 2362 371 2419 maiorum
401 2357 724 2417 Mamercus
766 2357 958 2416 infami
999 2375 1182 2435 opera
1212 2359 1651 2422 dehonestabat.
1714 2358 1874 2418 lunio
1910 2357 2083 2417 Otho·
2108 2379 2157 2418 10

88 2446 144 2502 ni
183 2445 504 2504 literarium
557 2441 746 2500 ludum
805 2460 1091 2502 exercere
1146 2453 1311 2502 vetus
1362 2463 1455 2504 ars
1506 2444 1642 2503 fuit:
1702 2459 1839 2502 mox
1896 2443 2090 2501 Seiani-

91 2531 354 2604 potentia
385 2535 619 2586 senator
647 2525 893 2586 obscura
921 2527 1080 2587 initia
1115 2528 1539 2605 impudentibus
1564 2528 1717 2586 ausis
1748 2524 2086 2604 propollue-

91 2610 204 2670 bat.
273 2611 610 2671 Bruttidium
643 2610 860 2670 artibus
890 2610 1150 2671 honestis
1181 2614 1485 2690 copiosum
1516 2620 1606 2685 et,
1646 2611 1694 2668 si
1728 2617 1949 2669 rectum
1978 2609 2089 2667 iter

92 2705 400 2774 pergeret,
449 2695 519 2755 ad
552 2694 868 2754 clarissima
899 2713 1163 2774 quaeque
1209 2696 1415 2756 iturum
1454 2694 1745 2754 festinatio
1790 2692 2086 2752 extimula-

93 2778 216 2856 bat,
251 2781 382 2850 dum
411 2779 704 2857 aequaliS,
739 2778 871 2838 dein
899 2782 1269 2855 superioreS,
1316 2787 1615 2858 postremo
1662 2786 1915 2836 suasmet
1958 2778 2085 2855 ipse
2108 2796 2157 2836 15

93 2879 226 2962 spes
261 2865 482 2925 anteire
519 2871 712 2941 parat:
755 2862 910 2941 quod
936 2863 1150 2922 multos
1188 2866 1359 2924 etiam
1399 2862 1585 2922 bonos
1632 2879 1865 2940 pessum
1910 2859 2087 2935 dedit,

95 2949 187 3021 qui
218 2949 431 3028 spretis
464 2965 612 3025 quae
647 2947 810 3007 tarda
852 2963 980 3006 cum
1021 2949 1370 3023 securitate,
1415 2955 1779 3024 praematura
1819 2945 1917 3004 vel
1960 2961 2088 3002 cum

95 3032 268 3091 exitio
307 3041 641 3111 properant.

211 3117 312 3176 67.
358 3116 594 3176 Auxere
638 3132 932 3174 numerum
979 3100 1381 3174 accusatorum
1420 3111 1643 3175 Gellius
1682 3111 1985 3172 Publicola
2030 3118 2091 3168 et

93 3192 168 3255 M.
195 3199 514 3274 Paconius,
549 3199 650 3259 ille
682 3208 958 3277 quaestor
987 3198 1202 3273 Silani,
1248 3197 1342 3259 hic
1380 3197 1627 3295 legatus.
1700 3213 1812 3254 nec
1856 3194 2087 3254 dubium

94 3277 410 3344 habebatur
452 3285 730 3344 saevitiae
773 3291 1182 3361 captarumque
1236 3283 1607 3359 pecuniarum
1657 3280 1845 3338 teneri
1893 3295 2083 3338 reum:

95 3366 196 3423 sed
236 3368 409 3428 multa
464 3367 890 3444 adgerebantur
945 3368 1114 3426 etiam
1163 3364 1486 3424 insontibus
1536 3363 1904 3443 periculosa,
1958 3379 2086 3420 cum

97 3463 270 3526 super
287 3460 385 3512 ,tot
425 3461 728 3512 senatores
770 3451 1052 3517 adversos
1092 3448 1518 3513 facundissimis
1554 3449 1731 3508 t'otius
1764 3445 2083 3508 Asiae'eo-
2106 3471 2134 3509 s
