2475 4000
649 230 655 245 Ι
702 157 917 206 mmm
950 159 1072 206 ΧΠ.
1118 158 1269 207 car.
1299 156 1541 213 44—48.
1761 187 1770 192 -
1821 191 1832 212 2
2003 153 2126 216 215

39 351 41 354 >
123 315 417 390 cognitam
462 293 865 393 Armeniorum
917 309 1241 390 perfidiam,
1303 323 1412 372 ne‘c
1465 295 1615 373 aliud
1658 314 1911 389 subsidii
1959 335 2125 396 quam
2223 335 2236 342 ·

127 397 435 459 castellum
466 405 787 455 commeatu
817 414 1092 473 egenum:
1134 415 1208 454 ne
1253 395 1540 457 dubitaret
1585 401 1755 458 armis
1799 402 2125 462 incruentas

124 480 505 542 condiciones
546 479 740 560 malle.
794 489 1109 545 cunctante
1150 479 1221 539 ad
1259 499 1331 540 ea
1371 480 1706 558 Mithridate¹
1739 491 1798 541 et
1839 487 2126 564 suspectis

39 617 41 640 ἶ
126 564 411 644 praefecti
464 563 757 639 consiliis,
817 563 970 642 quod
1024 565 1306 642 paelicem
1349 567 1569 641 regiam
1617 564 1905 642 polluerat
1951 570 2194 647 inquew

126 667 355 708 omnem
396 647 689 709 libidinem
734 647 956 706 venalis
1001 647 1349 727 habebatur,
1407 645 1722 727 Casperius
1773 651 1998 710 interim
2055 652 2124 712 ad

124 733 551 794 Pharasmanen
584 731 877 810 pervadit,
916 739 1091 808 utque
1118 730 1339 790 Hiberi·
1362 730 1586 792 obsidio
1619 730 1900 792 decedant
1943 751 2122 812 expo·¹

126 816 313 876 stulat.
381 815 485 874 ille
515 815 817 896 propalam
846 817 1067 875 incerta
1105 824 1163 874 et
1186 817 1420 894 saepius
1445 815 1716 876 molliora
1736 817 2122 894 respondeus,

128 901 373 960 secretis
422 899 629 958 nuntiis
688 897 883 959 mo'net
922 897 1306 958 Radamistum
1345 898 1838 977 obpugnationem
1894 910 2124 978 quoquo

126 983 291 1042 modo
318 982 609 1065 celerare.
650 991 892 1060 augetur
910 981 1119 1059 flagitii
1147 1001 1396 1060 merces,
1432 993 1489 1042 et
1517 982 1702 1043 Pollio
1729 983 1959 1044 occulta
1991 1001 2120 1043 cor·
2143 1002 2191 1041 ιε

40 1089 42 1098 ·
128 1069 391 1146 ruptione
424 1065 649 1144 inpellit
676 1067 918 1142 milites,
960 1075 1021 1126 ut
1061 1084 1266 1146 pacem
1314 1067 1640 1144 flagitarent
1684 1083 1862 1145 seque
1910 1067 2126 1146 praesi-

130 1146 269 1210 dium
332 1152 653 1218 omissuros
706 1151 1116 1209 minitarentur.
1199 1167 1309 1228 qua
1364 1153 1712 1211 necessitate
1771 1150 2126 1211 Mithridates

48 1229 53 1233 ’
130 1235 271 1294 diem
300 1234 618 1312 locumque
646 1233 876 1300 foederi
906 1235 1137 1314 accepit
1166 1233 1530 1313 castelloque
1559 1233 1870 1311 egreditur.
2173 1300 2182 1306 .

242 1321 351 1378 47.
408 1317 501 1378 Ac
548 1318 730 1396 primo
773 1316 1135 1378 Radamistus
1177 1317 1234 1376 in
1276 1318 1576 1396 amplexus
1621 1315 1744 1376 eius
1789 1318 2002 1378 effusus
2033 1319 2123 1376 'si-

127 1402 343 1462 mulare
383 1400 753 1482 obsequium,
798 1418 1069 1460 socerum
1107 1419 1176 1461 ac
1220 1410 1516 1480 parentem
1563 1401 1894 1479 appellare3
1953 1401 2126 1461 adicit

124 1490 207 1546 ius
248 1484 588 1561 iurandum,
631 1502 745 1544 non
774 1485 967 1562 ferro,
1008 1501 1124 1544 non
1152 1500 1382 1545 veneno
1401 1487 1526 1544 vim
1565 1484 1896 1545 adlaturum.
1959 1484 2124 1544 simul

125 1572 177 1630 in
202 1569 402 1629 lucum
434 1570 815 1648 propinquum
845 1567 1047 1646 trahit,
1090 1571 1386 1647 provisum
1417 1569 1538 1628 illic
1567 1569 1837 1628 sacrificii
1869 1577 2125 1650 paratum
2181 1587 2187 1594 ⁸

126 1655 427 1729 dictitans,
454 1665 457 1670 ·
483 1661 545 1711 ut
584 1653 671 1712 dis
710 1651 953 1712 testibus
1001 1669 1118 1730 pax
1161 1654 1500 1714 firmaretur.
1564 1669 1692 1712 mos
1738 1661 1826 1712 est
1863 1652 2122 1728 regibus,
2145 1671 2172 1710 5

126 1739 393 1817 quotiens
424 1737 481 1795 in
512 1738 845 1795 societatem
878 1745 1116 1813 coeant,
1164 1737 1461 1816 implicare
1492 1735 1726 1797 dextras
1763 1736 2130 1815 pollicesque·
2223 1722 2233 1740 '

126 1825 267 1882 inter
312 1839 381 1880 se
408 1820 633 1880 Vincire
664 1819 933 1897 nodoque
967 1823 1434 1898 praestringere:
1481 1835 1616 1878 mox
1655 1819 1763 1877 ubi’
1789 1821 2024 1896 sanguis
2065 1820 2127 1876 in

126 1915 274 1966 artus
306 1922 379 1964 ae
412 1913 707 1964 extremos
739 1903 1057 1980 suffuderit,
1086 1904 1203 1964 levi
1237 1906 1355 1962 ictu
1394 1918 1658 1962 cruorem
1687 1901 2125 1978 eliciunt-atque
2174 1901 2179 1910 “

125 1985 373 2051 invicem
416 1986 687 2049 lambunt.
763 1987 821 2048 id
860 1987 1067 2048 foedus
1109 2006 1378 2049 arcanum
1421 1985 1664 2045 habetur
1711 1985 1874 2062 quasi
1931 1992 2124 2043 mutuo

129 2092 335 2135 cruore
376 2080 681 2133 sacratum.
740 2071 844 2132 sed
885 2079 1018 2131 tunc
1062 2074 1157 2150 qui
1203 2088 1273 2130 ea
1314 2069 1506 2129 vincla
1547 2068 1945 2144 admovebat,x
1968 2066 2205 2127 deci-10⁵

130 2159 279 2219 disse
308 2156 589 2221 simulans
618 2173 805 2232 genua
828 2154 1169 2215 Mithridatis
1200 2154 1416 2215 invadit
1445 2154 1746 2231 ipsumque
1778 2151 2124 2231 prosternit:

79 2266 87 2273 ·
128 2241 410 2319 simulque
454 2256 739 2299 concursu
773 2238 1019 2318 plurium
1048 2240 1354 2297 iniciuntur
1385 2246 1643 2297 catenae.
1707 2254 1774 2296 ac
1817 2233 2126 2313 compede,

129 2324 277 2405 quod
316 2324 669 2384 dedecorum
702 2322 983 2399 barbaris,
1017 2322 1377 2392 trahebatur;
1408 2337 1546 2380 mox
1581 2321 1711 2399 quia
1743 2320 1954 2397 vulgus
1984 2318 2126 2378 duro

130 2410 373 2489 imperio
402 2406 674 2483 habitum,
707 2406 921 2485 probra
952 2424 1021 2467 ac
1048 2405 1297 2466 verbera
1327 2403 1662 2466 intentabat.
1713 2412 1773 2463 et
1804 2411 1968 2463 erant
1993 2420 2124 2461 con-

128 2504 211 2555 tra
241 2498 341 2571 qui
378 2500 590 2551 tantam
622 2490 899 2574 ‘fortunae
942 2491 1438 2551 commutationem
1469 2490 1906 2555 miserarentur3
1957 2500 2120 2545 secu·
2143 2497 2194 2537 15

129 2588 298 2656 taque
342 2592 471 2635 cum
510 2576 705 2653 parvis
746 2573 959 2634 liberis·
988 2576 1244 2634 coniunx
1293 2582 1497 2633 cuncta
1525 2572 1929 2631 lamentatione
1973 2584 2126 2651 com-

134 2648 347 2741 pleb'at.
408 2658 655 2719 diversis
702 2666 760 2717 et
804 2661 1089 2717 contectis
1138 2656 1420 2717 vehiculis
1460 2654 1775 2729 abduntur,
1825 2653 1953 2711 dum
1984 2650 2128 2709 Pha·
2165 2675 2174 2683 ·

130 2746 407 2807 rasmanis
438 2744 593 2803 iussa
624 2742 1083 2819 exquirerentur.
1143 2741 1227 2801 illi
1259 2741 1469 2820 cupido
1493 2738 1668 2815 regni
1703 2736 1880 2797 fratre
1925 2734 2128 2793 et·fllia

132 2832 324 2910 potior
355 2828 689 2905 animusque
724 2825 1047 2885 sceleribus
1074 2834 1337 2903 paratus;
1386 2823 1533 2883 visui
1579 2831 1770 2881 tamen
1819 2818 2126 2890 consuluit,

131 2932 199 2973 nc
250 2929 449 2972 coram
508 2910 882 2971 interficeret.
948 2918 1011 2968 et
1046 2908 1444 2984 Radamistus,
1499 2906 1664 2985 quasi
1716 2904 1856 2963 iuris
1906 2898 2198 2960 iurandiw

134 3013 368 3073 memor,
400 3012 517 3056 non
542 2995 775 3069 ferrum,
807 3009 923 3051 non
952 3010 1237 3051 venenum
1267 2992 1325 3050 in
1355 3007 1618 3050 sororem
1649 2997 1706 3047 et
1739 2996 1997 3065 patruum
2027 3000 2128 3043 ex-

137 3082 371 3159 promit,
431 3078 537 3139 sed
580 3078 877 3157 proiectos
919 3076 976 3134 in
1028 3075 1254 3135 humum
1299 3083 1358 3133 et
1401 3080 1568 3132 veste
1619 3070 1796 3131 multa
1847 3069 2130 3146 gravique

142 3173 374 3241 opertos
416 3170 607 3226 necat.
663 3161 763 3221 filii
812 3170 1041 3237 quoqu'e
1082 3156 1456 3231 Mithridatis,
1505 3154 1663 3231 quod
1711 3152 1986 3213 caedibus
2029 3166 2128 3228 pa-

140 3258 349 3309 rentum
377 3246 905 3319 inlacrimaverant,
934 3242 1193 3301 trucidati
1228 3244 1376 3297 sunt.
2065 3274 2073 3280 -

232 3332 355 3394 ‘48.
408 3330 487 3389 At
531 3327 852 3404 Quadratus
906 3332 1305 3401 cognoscens*
1333 3320 1618 3399 proditum
1668 3318 2031 3401 Mithridaten
2067 3322 2130 3375 et

144 3402 373 3489 regnum
416 3413 487 3472 ab
530 3408 1005 3491 interfectoribus
1048 3404 1336 3485 optineri,
1381 3412 1553 3465 vocat
1587 3403 1922 3481 consilium,
1953 3401 2130 3461 docet
