2475 4000
685 240 894 286 LIBER
916 241 1015 286 ·1v.
1061 239 1211 287 cAP.
1254 239 1495 292 48—52.
1986 229 2103 290 137

137 400 411 470 peterent.
473 393 706 460 Turesis
753 411 854 452 sua
896 412 1021 452 cum
1068 411 1232 452 manu
1279 404 1509 454 noctem
1568 397 1895 473 opperitur,
1954 395 2101 456 haud
2126 412 2173 453 10

135 478 327 535 nescio
358 476 501 536 duce
534 485 764 544 nostro;
798 477 970 552 igitur
999 478 1252 536 firmatae
1280 478 1559 536 stationes
1590 477 1947 538 densioribus
1977 481 2103 556 glo-

135 557 236 616 bis.
295 569 350 619 et
385 560 686 637 ingruebat
731 576 848 618 nox
887 560 1077 620 nimbo
1119 569 1315 636 atrox,
1359 559 1657 638 hostisque
1700 561 1947 621 clamore
1990 572 2103 622 tur-

134 641 296 719 bide,
340 644 512 703 modo
541 661 646 722 per
674 652 892 702 vastum
923 643 1239 720 silentium,
1283 645 1538 718 incertos
1580 642 1923 704 obsessores
1970 645 2103 705 effe-

135 736 304 802 cerat,
339 746 462 787 cum
495 727 735 786 Sabinus
767 728 1099 803 circumire,
1131 726 1348 798 hortari
1385 746 1459 786 ne
1488 726 1557 785 ad
1588 725 1851 801 ambigua
1887 730 2104 787 sonitus

135 818 222 866 aut
253 812 666 871 simulationem
700 811 908 888 quietis
954 828 1148 870 casum
1199 809 1595 870 insidiantibus
1639 812 1960 887 aperirent,
2004 811 2104 869 sed
2126 830 2175 870 15

133 909 223 950 sua
258 896 500 972 quisque
541 894 724 953 munia
772 903 1070 954 servarent
1102 896 1315 954 immoti
1355 894 1604 970 telisque
1649 911 1763 951 non
1800 896 1857 951 in
1904 893 2106 952 falsum

130 975 303 1035 iactis.

129 1107 136 1117 .
246 1061 343 1120 51.
397 1060 624 1122 Interea
661 1060 889 1121 barbari
919 1062 1166 1122 catervis
1196 1060 1571 1119 decurrentes
1612 1079 1759 1120 nunc
1808 1062 1863 1118 in
1900 1061 2108 1119 vallum

127 1145 402 1204 manualia
438 1163 598 1220 saxa,
632 1153 931 1223 praeustas
957 1143 1162 1218 sudes,
1211 1142 1409 1202 decisa
1455 1145 1664 1203 robora
1700 1145 1921 1218 iacere,
1961 1161 2109 1203 nunc

130 1227 384 1302 virgultis
419 1238 476 1288 et
507 1228 758 1288 cratibus
789 1237 846 1286 et
876 1226 1220 1305 corporibus
1255 1228 1529 1286 exanimis
1560 1227 1859 1304 complere
1894 1227 2106 1302 fossas,

129 1310 340 1385 quidam
371 1314 568 1391 pontis
601 1321 660 1371 et
694 1311 882 1370 scalas
923 1319 1052 1370 ante
1094 1310 1361 1370 fabricati
1402 1311 1615 1369 inferre
1658 1311 2108 1388 propugnaculis

127 1388 300 1470 eaque
333 1413 638 1474 prensare,
673 1394 978 1454 detrahere
1016 1402 1073 1452 et
1103 1392 1403 1453 adversum
1433 1396 1754 1453 resistentis
1797 1395 2105 1454 comminus
2133 1417 2158 1454 5

125 1477 234 1534 niti.
303 1478 476 1538 miles
508 1488 707 1539 contra
738 1477 1040 1537 deturbare
1077 1478 1226 1554 telis,
1268 1477 1489 1555 pellere
1526 1477 1887 1553 umbonibus,
1925 1495 2104 1536 mura—

125 1557 194 1618 lia
239 1562 388 1640 pila,
443 1571 754 1640 congestas
800 1561 1048 1641 lapidum
1091 1562 1275 1620 moles
1327 1562 1699 1638 provolvere.
1765 1561 1853 1620 his
1908 1569 2105 1639 partae

125 1643 400 1706 victoriae
433 1665 572 1725 spes
605 1655 681 1723 et,
715 1648 764 1705 si
797 1646 1033 1721 cedant,
1066 1646 1389 1722 insignitius
1425 1645 1729 1722 flagitium,
1772 1644 1886 1704 illis
1918 1653 2105 1702 extre-

125 1741 209 1786 ma
247 1731 355 1788 iam
405 1731 559 1790 salus
606 1739 664 1790 et
706 1729 1048 1790 adsistentes
1105 1729 1399 1807 plerisque
1450 1738 1661 1788 matres
1714 1737 1771 1786 et
1826 1729 2106 1803 coniuges

126 1826 434 1892 earumque.
449 1815 695 1874 lamenta
728 1813 935 1874 addunt
963 1815 1198 1872 animos·
1255 1829 1373 1871 nox
1394 1811 1523 1870 aliis
1552 1813 1608 1869 in
1642 1811 1953 1888 audaciam,
1980 1811 2106 1870 aliis
2129 1830 2179 1871 10

125 1892 191 1950 ad
213 1895 567 1958 formidinem
593 1907 876 1976 oportuna
893 1921 907 1966 ;
937 1898 1141 1956 incerti
1173 1897 1342 1969 ictus,
1365 1894 1602 1953 vulnera
1629 1895 1951 1970 inprovisa;
1980 1911 2106 1952 suo·
2214 1899 2221 1906 '

122 1993 239 2037 rum
271 1989 441 2058 atque
468 1982 712 2042 hostium
753 1983 1039 2058 ignoratio
1077 1989 1136 2038 et
1175 1978 1385 2040 montis
1430 1977 1687 2036 anfractu
1726 1993 2107 2054 repercussae

122 2061 278 2120 velut
321 2082 352 2123 a
396 2075 563 2142 tergo
608 2084 788 2125 voces
831 2065 978 2124 adeo
1027 2072 1228 2123 cuncta
1283 2062 1659 2135 miscuerant,
1719 2068 1777 2117 ut
1834 2057 2109 2136 quaedam

47 2198 58 2216 „
119 2146 460 2207 munimenta
505 2150 742 2208 Romani
789 2149 950 2226 quasi
989 2155 1263 2225 perrupta
1311 2144 1618 2203 omiserint.
1692 2160 1881 2221 neque
1924 2150 2110 2201 tamen

120 2235 443 2301 pervasere
493 2230 692 2290 hostes
761 2233 866 2289 nisi
925 2229 1222 2310 admodum
1279 2228 1480 2306 pauci:
1547 2235 1843 2299 ceteroS,=
1881 2226 2106 2285 deiecto
2132 2242 2181 2282 15

119 2312 555 2388 promptissimo
587 2331 818 2392 quoque
847 2322 941 2373 aut
969 2314 1199 2390 saucio,
1237 2311 1544 2391 adpetente
1590 2312 1700 2369 iam
1727 2310 1857 2369 luce
1887 2320 2111 2369 trusere

115 2395 173 2450 in
220 2411 436 2454 summa
485 2396 744 2472 castelli,
789 2396 883 2455 ubi
932 2395 1159 2456 tandem
1211 2404 1415 2456 coacta
1457 2394 1689 2453 deditio.
1754 2403 1811 2452 et
1854 2395 2112 2471 proxima

119 2487 326 2553 sponte
355 2480 672 2540 incolarum
704 2490 970 2561 recepta:
1017 2479 1287 2559 reliquis,
1319 2496 1433 2557 quo
1464 2481 1647 2537 minus
1676 2478 1732 2534 vi
1764 2485 1857 2535 aut
1888 2475 2112 2534 obsidio

122 2560 560 2641 subigerentur,
591 2574 950 2642 praematura
979 2566 1186 2623 montis
1214 2564 1417 2623 Haemi
1448 2571 1503 2620 et
1544 2578 1718 2620 saeva
1759 2559 1941 2618 hiems
1984 2557 2113 2617 sub·

121 2648 294 2705 venit.
2127 2661 2180 2702 20

245 2730 348 2789 52.
395 2732 474 2791 At
501 2732 720 2795 Romae
755 2741 1036 2792 commota
1067 2732 1345 2811 principis
1376 2729 1583 2803 domo,
1627 2736 1686 2786 ut
1730 2728 1915 2785 series
1945 2726 2115 2784 futuri

126 2812 178 2869 in
207 2812 592 2893 Agrippinam
625 2817 784 2874 exitii
814 2816 1127 2894 inciperet,
1161 2814 1399 2876 Claudia
1427 2812 1672 2872 Pulchra
1716 2809 1947 2870 sobrina
1994 2810 2115 2867 eius

125 2898 443 2970 postulatur
473 2909 784 2959 accusante
813 2898 1061 2957 Domitio
1096 2900 1263 2958 Afro.
1326 2899 1377 2956 is
1410 2913 1620 2955 recens
1651 2902 1921 2972 praetura
1943 2937 1962 2968 ,
1994 2910 2112 2951 mo-

127 2976 280 3039 dicus
310 2982 654 3059 dignationis
684 2992 743 3041 et
773 2998 1003 3059 quoquo
1027 2982 1287 3041 facinore
1313 2998 1601 3059 properus
1625 2978 1976 3053 clarescere,
2006 2976 2113 3034 cri-

125 3076 248 3120 men
279 3066 668 3145 inpudicitiae,
694 3066 1011 3126 adulterum
1038 3065 1335 3140 Furnium,
1382 3063 1666 3122 veneficia
1706 3064 1763 3120 in
1793 3061 2114 3139 principem
2133 3076 2159 3115 5

128 3155 180 3203 et
209 3147 553 3211 devotiones
607 3148 954 3211 obiectabat.
1019 3150 1346 3227 Agrippina
1390 3163 1619 3224 semper
1662 3154 1857 3219 atrox,
1901 3152 2015 3203 tum
2060 3151 2116 3201 et

127 3232 382 3303 periculo
408 3238 772 3314 propinquae
804 3251 1076 3309 accensa,
1111 3233 1301 3311 pergit
1332 3230 1399 3289 ad
1431 3228 1719 3289 Tiberium
1751 3245 1819 3286 ac
1847 3227 2002 3286 forte
2028 3246 2113 3286 sa-

129 3314 472 3377 crificantem
502 3320 651 3396 patri
694 3319 973 3398 repperit.
1047 3334 1161 3395 quo
1211 3316 1370 3374 initio
1412 3312 1659 3372 invidiae
1700 3327 1814 3369 non
1864 3310 2114 3369 eiusdem

128 3395 200 3453 ait
227 3410 483 3460 mactare
514 3402 646 3460 divo
676 3403 944 3479 Augusto
974 3402 1236 3460 victimas
1273 3407 1332 3459 et
1363 3405 1637 3476 posteros
1669 3395 1790 3453 eius
1823 3393 2113 3453 insectari.

125 3492 237 3539 uon
265 3482 321 3543 in
352 3484 581 3561 effigies
614 3494 797 3546 mutas
830 3485 1076 3546 divinum
1109 3484 1371 3563 spiritum
1398 3480 1773 3540 transfusum:
1821 3496 1885 3538 se
1914 3477 2113 3555 imagi·
2136 3487 2189 3530 ιο
