2475 4000
1800 107 1822 133 ι

346 169 427 230 56
821 177 1185 228 connnnu
1205 175 1440 226 moun
1461 163 1827 266 summum

346 337 495 396 nium
527 332 893 411 proiciantur.
920 331 1071 395 unde
1088 282 1360 410 prospici
1381 347 1560 408 posse
1583 347 1738 407 quae
1772 329 1978 405 cuique
2007 335 2122 386 tam
2149 325 2348 402 longo

347 419 620 496 temporis
650 417 838 493 spatio
882 420 1075 492 mens,
1120 414 1352 488 domus,
1399 410 1668 472 fortuna?
1721 411 2028 490 superbire
2071 409 2352 470 homines
2464 465 2465 472 ,

348 504 515 562 etiam
544 517 725 560 annua
755 499 1179 576 designatione.
1198 497 1346 578 quid
1377 498 1426 556 si
1453 497 1734 556 honorem
1759 512 1870 574 per
1893 495 2356 573 quinquennium

350 581 603 662 agitent?
636 583 1072 662 quinquiplicari
1113 599 1354 661 prorsus
1393 583 1796 656 magistratus,
1839 578 2099 640 subverti
2143 578 2358 654 leges,
2464 631 2465 638 ,

284 695 333 734 15
352 687 497 747 quae
532 686 635 728 sua
663 669 849 745 spatia
876 667 1237 726 exercendae
1263 664 1688 726 candidatorum
1710 623 2022 724 industriae
2055 679 2352 740 quaeren-

234 791 246 798 ·
350 753 552 830 disque
582 759 675 812 aut
702 750 991 829 potiundis
1021 749 1347 811 honoribus
1363 748 1722 811 statuerint.
1755 746 2060 809 favorabili
2101 747 2162 806 in
2206 763 2358 824 spe·
2463 763 2465 774 ⁴

320 838 498 906 ¹ciem
532 835 791 894 oratione
819 837 933 892 vim
962 835 1189 911 imperii
1216 833 1415 893 tenuit.

480 917 579 978 37.
630 916 967 995 Censusque
1010 917 1363 996 quorundam
1391 924 1727 976 senatorum
1767 915 1924 976 iuvit.
1999 931 2112 993 quo
2153 915 2364 989 magis

350 1006 549 1067 mirum
580 1002 701 1081 fuit,
734 1001 884 1080 quod
909 1019 1121 1080 preces
1141 999 1320 1060 Μαι-οἰ
1339 999 1582 1076 Hortali,
1614 998 1868 1059 nobilis
1849 1001 2108 1074 iuvenis,
2116 998 2174 1056 in
2204 1015 2355 1075 pau·

353 1095 575 1165 pertate
604 1085 903 1145 manifesta
932 1085 1237 1164 superbius
1281 1086 1630 1162 accepisset.
1689 1099 1876 1161 nepos
1920 1091 2046 1144 erat
2089 1082 2366 1141 oratoris

352 1171 662 1245 Hortensii,
692 1169 939 1230 inlectus
970 1187 1009 1228 a.
1028 1169 1163 1229 divo
1190 1168 1458 1245 Augusto
1487 1167 1836 1226 liberalitate
1859 1166 2098 1227 deciens
2129 1173 2354 1224 sester-

304 1279 329 1317 5
352 1257 414 1314 tii
454 1253 667 1312 ducere
710 1271 983 1328 uxorem,
1029 1255 1328 1330 suscipere
1371 1250 1622 1326 liberos,
1665 1269 1738 1308 ne
1783 1249 2098 1310 clarissima
2127 1247 2356 1308 familia

354 1335 805 1411 extingueretur.
873 1337 1047 1412 igitur
1076 1345 1348 1433 quattuor
1379 1334 1510 1394 filiis
1539 1343 1671 1394 ante
1697 1334 1870 1394 limen
1897 1335 2090 1393 curiae
2113 1330 2352 1392 adstan-

353 1419 521 1492 tibus,
555 1418 689 1478 loco
720 1420 1060 1494 sententiae,
1088 1437 1227 1478 cum
1238 1421 1296 1478 in
1321 1419 1540 1480 Palatio
1567 1427 1797 1503 senatus
1817 1416 2149 1492 haberetur,
2171 1414 2356 1474 modo

351 1501 643 1562 Hortensii
682 1501 829 1559 inter
862 1510 1126 1561 oratores
1156 1503 1320 1561 sitam
1363 1498 1672 1578 imaginem
1709 1501 1883 1561 modo
1913 1501 2165 1576 Augusti
2200 1497 2352 1558 intu-

354 1604 485 1661 ens,
518 1585 589 1644 ad
616 1584 765 1642 hunc
796 1583 1023 1643 modum
1054 1586 1281 1662 coepit:
1316 1587 1548 1662 patres
1574 1585 1911 1663 conscripti,
1933 1584 2072 1660 hos,
2100 1600 2358 1682 quorum

289 1687 643 1730 10numerum
675 1675 731 1726 et
766 1667 1065 1745 pueritiam
1095 1666 1329 1742 videtiS,
1372 1685 1488 1726 non
1533 1676 1744 1765 sponte
1775 1667 2016 1744 sustuli,
2067 1667 2174 1726 sed
2217 1671 2358 1745 quia

356 1753 629 1831 princeps
658 1749 955 1818 monebat;
988 1750 1151 1810 simul
1182 1752 1434 1810 maiores
1473 1753 1584 1810 mei
1617 1760 1944 1811 meruerant
1971 1760 2034 1810 ut
2069 1759 2362 1829 posteros

352 1836 647 1895 haberent.
710 1851 839 1894 nam
868 1852 1007 1911 ego,
1045 1837 1138 1912 qui
1168 1852 1286 1894 non
1311 1835 1631 1913 pecuniam,
1663 1829 1780 1895 ιιοιι
1805 1835 1990 1896 studia
2011 1834 2222 1913 populi
2253 1853 2356 1893 ne-

354 1937 465 1998 que
496 1917 899 1996 eloquentiam,
926 1918 1144 1994 gentile
1166 1917 1368 1978 domus
1391 1927 1624 1978 nostrae
1647 1917 1878 1996 bonum,
1903 1920 2188 1978 varietate
2209 1927 2358 1978 tem-

354 2021 557 2081 porum
583 2003 855 2079 accipere
885 2004 981 2066 vel
1012 2021 1220 2081 parare
1257 2004 1604 2082 potuissem,
1650 2004 1788 2065 satis
1814 2002 2134 2079 habebam,
2183 2004 2239 2063 si
2269 2012 2358 2062 te·

288 2114 336 2153 15
355 2105 497 2145 nues
543 2104 639 2145 res
680 2104 843 2145 meae
882 2105 993 2147 nec
1040 2087 1175 2147 mihi
1216 2087 1427 2166 pudori
1465 2104 1578 2146 nec
1619 2088 1883 2165 cuiquam
1929 2088 2089 2147 oneri
2131 2085 2359 2145 forent.

354 2172 541 2229 iussus
580 2168 652 2229 ab
687 2170 1049 2251 ,imperatore
1090 2188 1334 2231 uxorem
1373 2170 1528 2233 duxi.
1597 2188 1672 2229 en
1715 2172 1890 2252 stirps
1929 2176 1989 2229 et
2027 2172 2362 2249 progenies

354 2261 442 2311 tot
472 2252 789 2328 consulum,
816 2261 903 2313 tot
936 2254 1293 2315 dictatorum.
1346 2274 1459 2315 nec
1489 2255 1561 2315 ad
1593 2253 1860 2315 invidiam
1891 2256 2031 2331 ista,
2067 2252 2175 2312 sed
2211 2270 2358 2321 con-

356 2314 635 2395 ciliandae
663 2337 1094 2397 misericordiae
1124 2338 1366 2399 refero.
1401 2338 1792 2415 adsequentur
1811 2339 2058 2399 florente
2089 2346 2170 2412 te,
2203 2334 2356 2397 Gae-
2463 2372 2465 2383 ι

356 2438 469 2495 sar,
506 2436 651 2498 quos
688 2420 917 2481 dederis
940 2420 1223 2481 honores.
1267 2424 1494 2481 interim
1526 2422 1597 2496 Q.
1625 2420 1922 2482 Hortensii
1962 2428 2356 2502 pronepotes„

284 2528 337 2569 20
340 2501 469 2563 divi
496 2502 745 2580 Augusti
770 2505 1027 2564 alumnos
1058 2504 1131 2564 ab
1161 2505 1358 2583 inopia
1389 2504 1698 2565 defende.'

477 2584 577 2648 38.
600 2586 899 2647 Inclinatio
925 2596 1167 2647 senatus
1178 2587 1601 2647 incitamentum
1628 2586 1862 2650 Tiberio
1887 2589 2000 2648 fuit
2015 2606 2130 2667 quo
2156 2578 2362 2666 proni-

353 2671 463 2730 tius
504 2670 923 2748 adversaretur,
950 2659 1041 2731 his
1068 2672 1252 2730 ferme
1283 2670 1480 2731 verbis
1507 2680 1687 2731 'ususz-
1710 2674 1798 2731 si
1832 2681 2100 2751 quantum
2131 2690 2360 2769 paupe-

352 2773 477 2815 rum
504 2762 595 2813 est
622 2756 821 2814 venire
850 2754 965 2815 huc
992 2764 1049 2815 et
1078 2755 1282 2813 liberis
1321 2757 1444 2816 suis
1469 2752 1674 2835 petere
1705 2758 1982 2835 pecunias
2024 2756 2361 2835 coeperint,

354 2838 562 2915 singuli
593 2855 892 2915 numquam
926 2836 1374 2917 exsatiabuntur,
1397 2858 1496 2899 res
1519 2839 1752 2919 publica
1775 2839 2026 2900 deliciet.
2077 2857 2188 2899 nec
2207 2852 2364 2899 sane

310 2943 335 2983 5
360 2921 493 2982 ideo
522 2940 557 2981 a
584 2920 891 2982 maioribus
922 2939 1265 2983 concessum
1295 2933 1388 2984 est
1417 2924 1623 3000 egredi
1667 2924 1973 3002 aliquando
2005 2924 2362 2984 relationem

356 3014 413 3065 et
441 3006 641 3084 quod
622 3024 679 3065 ιιι
720 3022 1019 3065 commune
1064 2998 1350 3068 conducat
1389 3008 1526 3068 loco
1575 3009 1894 3068 sententiae
1937 3008 2246 3086 proferre,
2293 3017 2362 3067 ut

355 3090 575 3166 privata
600 3090 838 3165 negotia
868 3098 927 3148 et
956 3108 1055 3149 res
1086 3089 1400 3153 familiares
1429 3102 1662 3154 nostras
1689 3091 1786 3151 hic
1825 3109 2173 3169 augeamus,
2221 3108 2360 3151 cum

353 3172 561 3232 invidia
584 3182 818 3232 senatus
846 3182 907 3233 et
939 3174 1278 3252 principum,
1301 3178 1429 3236 sive
1458 3175 1799 3235 indulserint
1828 3176 2198 3253 largitionem
2221 3178 2358 3235 sive

352 3255 669 3316 abnuerint.
730 3272 846 3315 non
876 3258 1025 3317 enim
1057 3275 1272 3336 preces
1299 3267 1430 3317 sunt
1469 3258 1650 3335 istud,
1691 3259 1798 3318 sed
1845 3259 2222 3335 efflagitati0‚
2263 3261 2362 3319 in-

286 3358 336 3399 ιο
350 3341 689 3419 tempestiva
722 3341 949 3417 quidem
984 3350 1043 3401 et
1068 3343 1388 3421 inprovisa,
1431 3359 1556 3401 cnm
1585 3342 1712 3402 aliis
1741 3342 1814 3403 de
1843 3343 2021 3403 rebus
2051 3358 2360 3403 convene-

350 3421 460 3487 rint
486 3432 704 3502 patres,
740 3440 1097 3503 consurgere
1130 3435 1189 3485 et
1220 3442 1458 3492 numero
1487 3433 1662 3503 atque
1699 3435 1888 3487 aetate
1928 3426 2176 3487 liberum
2209 3444 2354 3487 suo-
