2475 4000
320 191 443 252 314
818 197 1145 248 consent
1170 199 1404 249 mom
1426 199 1790 250 ANNALIUM

251 375 299 416 ιε
321 357 447 416 data
482 353 672 414 exilia.
734 353 990 413 Priscum
1032 353 1264 412 Artoria
1295 352 1570 413 Flaccilla
1603 355 1849 412 coniunx
1881 354 2150 413 comitata
2195 363 2311 434 est,

319 438 541 501 Gallum
563 435 807 512 Egnatia
836 435 1165 512 Maximilla,
1194 439 1420 514 magnis
1445 438 1684 516 primum
1712 446 1770 495 et
1795 437 2040 516 integris
2071 437 2311 516 opibus,

316 529 451 600 post
491 519 805 598 ademptis,
848 539 993 599 quae
1041 530 1295 598 utraque·
1319 521 1564 597 gloriam
1601 523 1724 580 eius
1770 537 2006 580 auxere.
2069 521 2316 599 pellitur

318 615 375 665 et
413 605 646 673 Rufrius
678 602 975 682 Crispinus
1010 606 1320 663 occasione
1351 604 1790 680 coniurationis,
1822 603 1928 663 sed
1956 603 2179 663 Neroni
2225 606 2314 664 in-

316 691 504 764 visus,
548 688 702 767 quod
729 688 1057 766 Poppaeam
1090 687 1374 765 quondam
1416 688 1772 767 matrimonio
1805 695 2086 748 tenuerat.
2154 689 2311 748 Ver-

240 793 296 833 20
315 774 528 850 ginium
574 770 831 832 Flavum
876 777 935 831 et
968 769 1314 830 Musonium
1352 771 1562 831 Rufum
1594 771 1873 830 claritudo
1917 771 2163 830 nominis
2207 791 2312 831 ex·

314 856 491 936 pulit:
533 873 662 916 nam
706 856 1017 931 Verginius
1061 853 1246 914 studia
1293 857 1554 914 iuvenum
1598 855 1962 932 eloquentia,
2004 854 2312 914 Musonius

315 941 643 1018 praeceptis
668 939 983 1018 sapientiae
1006 937 1262 998 fovebat.
1298 937 1634 1012 Cluvidieno
1655 937 1886 1013 Quiete,
1910 937 2054 996 Iulio
2080 936 2308 1017 Agrip-

314 1043 443 1102 pae,
474 1023 643 1083 Blitio
678 1021 972 1099 Catulino,
1014 1021 1291 1081 Petronio
1322 1021 1557 1098 Prisco,
1600 1019 1746 1080 lulio
1781 1020 2015 1097 Altino,
2051 1022 2218 1081 velut
2253 1024 2314 1082 in

314 1125 520 1184 agmen
568 1115 625 1166 et
663 1123 982 1182 numerum,
1024 1105 1251 1182 Aegaei
1294 1106 1466 1165 maris
1513 1105 1735 1164 insulae
1772 1106 2196 1183 permittuntur.
2255 1113 2314 1164 at

237 1209 295 1248 25
317 1190 587 1251 Caedicia
629 1207 775 1248 uxor
814 1189 1084 1251 Scaevini
1124 1197 1181 1248 et
1215 1187 1531 1250 Caesonius
1573 1188 1852 1248 Maximus
1898 1187 2060 1247 Italia
2104 1187 2314 1266 prohi-

312 1275 549 1349 bentur,
597 1291 737 1333 reos
768 1273 951 1332 fuisse
994 1291 1057 1332 se
1100 1280 1312 1332 tantum
1355 1291 1544 1351 poena
1585 1273 1832 1350 experti.
1886 1271 2078 1331 Acilia
2117 1281 2314 1331 mater

310 1358 535 1417 Annaei
556 1357 769 1416 Lucani
800 1359 923 1416 sine
960 1357 1342 1433 absolutione,
1375 1359 1499 1416 sine
1535 1355 1824 1435 supplicio
1855 1355 2236 1416 dissimulata.

437 1441 536 1499 72.
584 1439 802 1514 Quibus
841 1442 1187 1518 perpetratis
1228 1440 1386 1516 Nero
1431 1449 1488 1499 et
1529 1441 1797 1499 contione
1830 1439 2066 1498 militum
2107 1437 2308 1499 habita

312 1523 442 1583 hina
480 1540 759 1582 nummum
801 1523 955 1583 milia
1000 1518 1203 1582 viritim
1245 1522 1694 1602 manipularibus
1731 1523 1922 1582 divisit
1966 1521 2306 1600 addiditque

312 1609 435 1666 sine
466 1607 655 1690 pretio
688 1607 1042 1682 frumentum,
1084 1624 1197 1683 quo
1229 1617 1360 1666 ante
1392 1626 1467 1666 ex
1493 1606 1664 1667 modo
1689 1623 1950 1666 annonae
1971 1605 2302 1666 utebantur.

309 1701 453 1767 tum,
486 1689 649 1768 quasi
678 1687 1031 1766 gesta'bello
1066 1691 1468 1767 expositurus,
1514 1699 1687 1750 vocat
1732 1699 1990 1758 senatum
2021 1699 2081 1749 et
2109 1692 2322 1750 trium-’

260 1789 290 1828 5
315 1773 487 1852 phale
527 1772 705 1832 decus
745 1772 1012 1832 Petronio
1046 1772 1377 1850 Turpiliano
1421 1774 1736 1849 consulari,
1781 1773 2036 1842 Cocceio
2068 1773 2306 1833 Nervae

310 1857 563 1936 praetori
602 1856 934 1932 designato,
978 1857 1268 1933 Tigellino
1301 1857 1603 1934 praefecto
1635 1859 1912 1937 praetorii
1944 1857 2173 1932 tribuit,
2207 1857 2304 1916 Ti-

309 1939 599 2019 gellinum.
624 1949 681 2001 et
718 1939 970 2001 Nervam
1010 1942 1086 2001 ita
1130 1940 1452 2019 extollens,
1510 1951 1568 2001 ut
1611 1959 1786 2020 super
1819 1939 2198 2020 triumphales
2243 1941 2300 1999 in

308 2026 437 2089 foro
467 2026 749 2101 imagines
791 2024 942 2103 apud
970 2025 1246 2085 Palatium
1287 2042 1516 2103 quoque
1549 2026 1776 2102 effigies
1809 2043 2006 2085 eorum
2042 2026 2301 2083 sisteret.

312 2108 635 2171 consularia
673 2110 917 2183 insignia
948 2108 1329 2188 Nymphidio,
1367 2109 1473 2187 qui
1512 2111 1642 2187 quia
1672 2125 1820 2167 nunc
1852 2110 2110 2187 primum.
2134 2106 2302 2167 obla-

239 2209 291 2250 1⁰
308 2200 398 2250 tus
441 2200 561 2267 e'st,
604 2209 787 2269 pauca
827 2202 1114 2270 repetam:
1161 2210 1291 2252 nam
1330 2201 1389 2251 et
1429 2194 1558 2270 ipse
1593 2210 1727 2270 pars
1757 2193 2138 2252 Romanarum
2181 2190 2303 2250 cla-

310 2274 457 2332 dium
488 2276 615 2333 erit.
670 2275 844 2350 igitur
874 2284 1053 2335 matre
1082 2276 1350 2335 libertina
1384 2284 1562 2351 ortus,
1599 2293 1746 2353 quae
1779 2291 1992 2353 corpus
2020 2274 2300 2333 decorum

306 2359 455 2416 inter
484 2372 689 2416 servos
720 2356 1077 2437 libertosque
1111 2361 1430 2438 principum
1460 2359 1832 2435 vulgaverat,
1865 2376 1940 2418 ex
1972 2357 2114 2418 Gaio
2151 2356 2298 2418 Cae·

308 2458 440 2499 sare
486 2458 551 2499 se
580 2442 829 2517 genitum
869 2442 1123 2519 ferebat,
1168 2444 1433 2521 quoniam
1475 2442 1627 2501 forte
1660 2440 2128 2520 quadam'habitu
2158 2458 2296 2520 pro-

310 2542 478 2582 cerus
512 2533 570 2583 et
598 2533 765 2583 torvo
795 2524 951 2587 vultu
988 2534 1137 2602 erat,
1170 2528 1294 2585 sive
1329 2524 1500 2586 Gaius
1531 2524 1766 2602 Caesar,
1800 2533 2122 2584 scortorum
2154 2540 2296 2602 quo-

237 2625 287 2665 15
308 2624 421 2683 que
460 2609 719 2685 cupiens,
752 2610 919 2668 etiam
948 2611 1113 2668 matri
1149 2612 1272 2669 eius
1300 2609 1492 2668 inlusit
1517 2605 1642 2645 ***

432 2690 531 2751 73.
584 2687 699 2749 Sed
738 2690 895 2752 Nero
944 2702 1153 2753 vocato
1198 2701 1428 2769 senatu,
1483 2692 1744 2751 oratione
1788 2692 1937 2751 inter
1965 2700 2164 2770 patres
2196 2689 2294 2750 ha-

306 2772 442 2848 bita,
475 2772 720 2833 edictum
754 2774 903 2852 apud
934 2776 1207 2854 populum
1240 2785 1299 2835 et
1327 2776 1554 2835 conlata
1593 2776 1650 2834 in
1685 2774 1872 2834 libros
1903 2774 2112 2835 indicia
2153 2791 2296 2833 con-

305 2857 707 2936 sessionesque
752 2857 1136 2936 damnatorum
1181 2859 1452 2919 adiunxit.
1517 2861 1728 2917 etenim
1764 2858 1972 2919 crebro
2003 2857 2168 2933 vulgi
2199 2876 2293 2917 ru-

304 2956 465 2999 more
508 2939 899 3018 lacerabatur,
952 2950 1233 3025 tamquam
1263 2944 1424 3001 viros
1463 2942 1672 3003 claros
1701 2950 1759 3001 et
1801 2942 2060 3002 insontes
2101 2939 2178 3000 ob
2207 2942 2292 2999 in-

252 3040 281 3081 s
302 3022 509 3082 vidiam
538 3032 633 3083 aut
662 3028 872 3083 'metum
904 3027 1267 3085 extinxisset.
1331 3035 1586 3085 ceterum
1627 3034 1896 3104 coeptam
1927 3025 2292 3103 adultamque

305 3114 363 3166 et
394 3108 669 3167 revictam
706 3110 1153 3169 coniurationem
1196 3126 1385 3187 neque
1419 3118 1553 3168 tunc
1583 3108 1920 3168 dubitavere
1952 3107 2157 3186 quibus
2187 3102 2289 3166 ve-

302 3208 425 3249 rum
457 3191 737 3251 noscendi
768 3210 903 3251 cura
934 3202 1074 3271 erat,
1114 3202 1172 3252 et
1199 3194 1448 3253 fatentur
1481 3194 1576 3271 qui
1615 3200 1751 3271 post
1783 3194 2068 3251 interitum
2099 3190 2288 3251 Nero-

304 3273 391 3331 nis
418 3274 475 3333 in
506 3276 705 3335 urbem
740 3278 998 3352 regressi
1033 3285 1180 3336 sunt.
1250 3284 1308 3336 at
1343 3278 1400 3335 in
1433 3283 1638 3335 senatu
1671 3276 1926 3352 cunctis,
1973 3285 2034 3334 ut
2076 3276 2286 3351 cuique

304 3350 601 3431 plurimum
634 3360 945 3434 maeroris,
988 3359 1456 3422 inadulationem
1487 3359 1783 3435 demissiS,
1824 3358 2038 3417 Iunium
2069 3357 2286 3418 Gallio-

232 3445 287 3487 10
304 3454 467 3514 nem,
508 3441 768 3499 Senecae
806 3442 1000 3501 fratris
1028 3450 1210 3501 morte
1244 3443 1506 3521 pavidum
1537 3452 1594 3501 et
1630 3460 1738 3521 pro
1766 3460 1868 3501 sua
1897 3440 2287 3503 incolumitate
