2475 4000
462 218 698 290 ¹menn
740 219 832 266 VI.
862 219 1028 276 ear.
1075 204 1572 288 10—14(4-·-8).
1922 200 2041 268 1157

173 367 266 428 13.
290 369 428 432 Tum
451 372 603 433 facta
625 371 884 452 patribus
907 380 1196 450 potestate
1222 373 1507 432 statuendi
1528 375 1601 434 de
1618 373 1685 434 Ο.
1706 373 2039 436 Caeciliano
2076 373 2109 426 7

61 460 332 531 senatore,
364 457 460 533 qui
491 456 732 534 plurima
763 457 1068 516 adversum
1099 454 1325 522 Cottam
1354 466 1737 534 prompserat,
1768 459 2040 537 placitum

62 534 282 600 eandem
326 557 570 616 poenam
611 542 1070 618 inrogariquam
1113 542 1171 599 in
1201 540 1510 599 Aruseium
1556 550 1615 599 et
1648 542 2035 620 Sanquinium,

60 630 414 683 accusatores
449 623 512 685 L.
545 623 832 694 Arruntii;
867 641 983 703 quo
1013 641 1129 684 non
1159 624 1313 683 aliud
1338 623 1809 684 honorificentius
1830 625 2037 688 Cottae
2138 660 2143 669 =

59 704 260 780 evenit,
303 709 397 784 qui
431 708 644 769 nobilis
677 709 936 788 quidem,
970 718 1061 768 set
1093 727 1277 785 egens
1308 708 1385 769 ob
1416 709 1643 785 luxum,
1685 726 1793 786 per
1824 709 2039 787 flagitia
2064 727 2089 765 5

57 785 280 925 {aiamim
315 794 694 855 sanctissimis
716 793 974 854 Arruntii
1005 792 1224 853 artibus
1254 792 1533 869 dignitate
1566 792 1801 853 ultionis
1828 811 2039 872 aequa-

93 878 222 930 atur.
1350 915 1365 926 ,

167 955 233 1029 Q.
275 960 571 1020 Servaeus
603 961 856 1038 posthac·
888 970 947 1020 et
983 961 1267 1022 Minucius
1298 961 1577 1020 Thermus
1614 961 1858 1037 inducti,
1904 962 2039 1020 Ser·
2084 949 2107 965 '

58 1053 212 1098 vaeus
247 1054 518 1120 praetura
546 1045 786 1105 functus·
809 1055 866 1105 et
909 1045 1194 1123 quondam
1226 1043 1561 1106 Germanici
1586 1063 1815 1118 comes,
1859 1045 2039 1105 Minu·

58 1120 161 1180 cius
190 1121 448 1204 equestri
479 1129 638 1206 loco,
670 1128 934 1189 modeste
965 1129 1156 1188 habita
1189 1129 1382 1189 Seiani
1423 1131 1697 1208 amicitia3
1742 1127 1892 1188 unde
1924 1128 2039 1188 illis
2061 1144 2110 1184 ιο

55 1208 217 1268 maior
259 1213 577 1273 miseratio.
636 1224 840 1274 eontra
871 1212 1138 1294 Tiberius
1175 1215 1530 1292 praecipuos
1570 1213 1659 1302 ad,
1683 1213 1914 1273 scelera
1956 1214 2037 1272 in·
2104 1229 2111 1234 ’

58 1305 280 1368 crepans
329 1297 626 1359 admonuit
684 1297 751 1357 C.
801 1296 1054 1358 Cestium
1100 1306 1322 1374 patrem
1376 1296 1574 1358 dicere
1619 1298 1843 1356 senatui
1888 1314 2037 1375 quae

56 1371 148 1432 sibi
199 1382 570 1461 scripsisset,
649 1382 1026 1460 suscepitque
1072 1380 1304 1441 Cestius
1356 1383 1826 1464 accusationem„
1882 1381 2037 1459 quod

54 1461 274 1522 maxime
310 1465 608 1526 exitiabile
640 1465 828 1525 tulere
855 1466 954 1526 illa
991 1476 1285 1544 tempora,
1332 1484 1457 1525 cum
1484 1468 1771 1544 primores
1800 1475 2035 1525 senatus

55 1539 250 1605 infimas
281 1552 454 1632 etiam
485 1549 808 1610 delationes
841 1558 1210 1625 exercerent,
1246 1549 1341 1610 alii
1372 1544 1703 1630 propalam,
1734 1549 1895 1608 multi
1927 1563 2103 1628 per-1⁵

55 1629 351 1703 occultum
383 1652 578 1713 neque
609 1633 976 1701 discerneres
1007 1636 1230 1695 alienos
1263 1653 1295 1694 a
1328 1636 1677 1710 eoniimctis,
1710 1635 1931 1694 amicos
1962 1633 2035 1692 ab

55 1707 268 1803 ignotis,
302 1718 442 1796 quid
468 1737 686 1799 repens
715 1729 810 1780 aut
839 1728 1128 1780 vetustate
1159 1719 1497 1779 obscurum:
1536 1717 1776 1796 perinde
1800 1719 1857 1776 in
1879 1718 2034 1793 for0,

53 1809 100 1850 m
127 1803 424 1879 convivio,
455 1821 682 1882 quaqua
713 1804 786 1864 de
816 1822 882 1863 re
913 1804 1096 1864 locuti
1123 1802 1561 1878 incusabantur,
1608 1811 1669 1862 ut
1704 1803 1830 1879 quis
1860 1820 2031 1881 prae-

51 1882 231 1942 venire
280 1895 338 1944 et
381 1905 540 1947 reum
583 1888 874 1956 destinare
923 1897 1230 1966 properat,
1286 1892 1424 1964 par‘s
1470 1886 1542 1944 ad
1588 1884 1898 1945 subsidIum
1928 1888 2033 1962 sui,

51 1959 230 2037 Plures
272 1971 478 2047 infecti·
517 1973 680 2051 quasi
721 1973 1054 2033 valetudine
1084 1981 1143 2031 et
1176 1978 1467 2031 contactu.
1532 1968 1638 2028 sed
1666 1967 1947 2028 Minucius
1981 1978 2038 2028 et
2054 1981 2107 2023 2⁰

50 2044 322 2113 Servaeus
363 2056 609 2118 damnati
651 2057 934 2117 indicibus
967 2072 1304 2117 accessere.
1365 2054 1649 2131 tractique
1684 2060 1815 2111 sunt
1837 2053 1903 2135 ju
1943 2069 2037 2111 ea-

49 2146 154 2191 flum
197 2137 444 2197 eundem
494 2139 670 2201 Iulius
722 2140 1032 2201 Africanus
1091 2158 1124 2199 e
1179 2140 1454 2200 Santonis
1503 2136 1724 2201 Gallica
1781 2136 2035 2212 civitate,

49 2212 200 2275 Seius
232 2220 590 2293 Quadratus:
635 2226 919 2300 originem
947 2240 1062 2284 non
1092 2224 1352 2301 repperi.
1413 2242 1601 2304 neque
1636 2221 2037 2298 sum‘ignarus

49 2312 74 2355 a
93 2301 394 2381 plerisque
425 2307 812 2384 scriptoribus
841 2310 1054 2368 omissa
1081 2307 1385 2369 multorum
1417 2310 1674 2390 pericula
1702 2320 1761 2370 et
1792 2325 2031 2389 poenaS,

50 2380 158 2443 dum
189 2390 362 2466 copia
391 2390 664 2449 fatiscunt
693 2401 819 2469 aut,
864 2410 1010 2470 quae
1047 2394 1191 2473 ipsis
1220 2394 1389 2455 nimia
1428 2402 1487 2454 et
1524 2404 1739 2459 maesta
1783 2395 2029 2470 fuerant,
2050 2408 2102 2448 25

49 2480 110 2524 ne
141 2474 266 2548 pari
309 2474 502 2534 taedio
545 2474 804 2565 lecturos
849 2476 1499 2552 adficerent-verentur:
1542 2478 1713 2539 nobis
1755 2478 2033 2557 pleraque

51 2548 206 2628 digna
237 2560 478 2634 cognitu
513 2558 829 2637 obvenere,
863 2579 1200 2641 quamquam
1231 2561 1303 2621 ab
1336 2562 1467 2622 aliis
1502 2562 1881 2643 incelebrata.

156 2640 249 2701 14.
278 2641 426 2701 Nam
458 2661 528 2703 ea
558 2653 921 2723 tempestate,
955 2664 1068 2724 qua
1104 2648 1299 2707 Seiani
1330 2648 1632 2707 amicitiam
1664 2650 1847 2707 ceteri
1876 2645 2030 2707 falso
2067 2646 2103 2700 8

55 2734 333 2804 exuerant,
365 2746 538 2788 ausus
573 2738 663 2787 est
697 2747 880 2807 eques
905 2730 1199 2791 Romanus
1219 2730 1296 2791 M.
1329 2730 1655 2808 Terentius,
1687 2730 1767 2791 ob
1790 2731 1845 2791 id
1872 2748 2063 2807 reus„

54 2807 333 2888 amplecti,
365 2812 436 2873 ad
471 2811 622 2873 hunc
649 2813 879 2874 modum
911 2814 1062 2893 apud
1097 2824 1355 2874 senatum
1387 2815 1695 2876 ordiendo:
1742 2815 2033 2875 ‘fortunae

57 2890 260 2961 quidem
303 2914 469 2957 meae
521 2897 774 2958 fortasse
829 2899 1012 2957 minus
1066 2898 1341 2976 expediat
1393 2900 1757 2977 adgnoscere
1814 2902 2030 2959 crimen

57 2985 204 3045 quam
227 2979 515 3041 abnuere:
549 2981 655 3041 sed
680 2991 986 3061 utcumque
1017 3000 1222 3043 casura
1245 3000 1345 3041 res
1370 2993 1480 3061 est,
1504 2984 1737 3045 fatebor
1762 2993 1819 3043 et
1847 2984 2030 3044 fuisse
2052 2997 2077 3035 ⁵

55 3068 132 3115 me
161 3061 368 3125 Seiano
405 3067 676 3141 amicum,
709 3075 768 3126 et
795 3075 852 3126 ut
878 3083 1068 3126 essem
1093 3068 1429 3148 expetisse,
1462 3077 1520 3140 et
1552 3077 1859 3148 postquam
1897 3068 2039 3127 ade-.

59 3146 170 3213 ptus
213 3164 366 3209 eram
396 3148 684 3211 laetatum.
741 3150 994 3211 videram
1027 3149 1319 3227 collegam
1348 3153 1529 3229 patris
1558 3153 1833 3229 regendis
1864 3170 2029 3231 prae·

53 3227 200 3315 toriis
229 3232 582 3312 cohortibus,
613 3252 750 3295 mox
778 3234 937 3295 urbis
961 3245 1020 3295 et
1041 3234 1277 3295 militiae
1302 3237 1489 3297 munia
1514 3237 1677 3297 simul
1702 3238 2028 3297 obeuntem.

53 3302 189 3369 illius
217 3319 526 3396 propinqui
557 3326 614 3378 et
651 3320 876 3381 adfines
909 3318 1230 3391 honoribus
1264 3316 1651 3397 augebantu&
1694 3330 1753 3381 ut
1780 3323 2031 3399 quisque

55 3386 248 3459 Seiano
277 3400 522 3479 intimus,
553 3405 632 3463 ita
665 3404 735 3464 ad
769 3402 1038 3464 Caesaris
1065 3405 1369 3465 amicitiam
1394 3403 1645 3465 validus:
1684 3415 1883 3467 contra
1908 3407 2098 3485 qui-1⁰

53 3466 150 3534 bus
187 3480 440 3545 infensus
487 3496 681 3565 esset,
734 3497 888 3548 metu
934 3506 1004 3549 ac
1048 3488 1317 3549 sordibus
1358 3489 1847 3551 conflictabantur.
1917 3506 2029 3551 nec
