2475 4000
738 247 950 296 Lmen
973 249 1115 296 xiv.
1150 249 1300 296 car.
1327 248 1565 302 61—65.
1621 243 1638 252 ‘
2027 239 2149 300 281

163 415 218 464 et
253 402 492 480 milites,
534 407 844 482 praesagio
892 404 1171 465 malorum
1217 404 1327 462 iam
1377 405 1526 463 vitae
1559 413 1855 484 exempta,
1907 405 2172 482 noudum¹

162 498 348 548 tamen
402 496 587 546 morte
644 486 1074 565 adquiescebat.
1146 488 1346 566 paucis
1404 487 1611 547 dehinc
1637 489 1978 549 «interiectis
2037 488 2153 549 die-

162 573 263 631 bus
309 573 455 630 mori
497 569 753 647 iubetur,
810 589 935 630 cum
980 571 1089 629 iam
1131 571 1358 630 viduam
1399 589 1464 630 se
1513 581 1571 630 et
1622 580 1834 631 tantum
1891 590 2154 632 sororem

164 665 467 716 testaretur
522 671 961 732 communesque
1024 653 1400 714 Germanicos
1459 663 1518 714 et
1575 663 1872 734 postremo
1936 656 2153 735 Agrip·
2178 685 2203 724 5

166 743 331 819 pinae
373 756 583 798 nomen
626 740 838 812 cieret,
885 755 997 816 qua
1036 738 1312 798 incolumi
1351 737 1553 798 infelix
1600 739 1828 817 quidem
1869 741 2153 800 matrimo-

164 826 308 882 nium
353 823 456 883 sed
503 823 625 884 sine
667 823 843 882 exitio
885 820 1239 900 pertulisset.
1291 823 1656 900 restringitur
1695 822 1903 882 vinclis
1945 840 2154 884 venae-

167 925 269 986 que
314 910 440 966 eius
483 925 589 985 per
632 921 831 967 omues
878 913 1034 964 artus
1081 906 1488 974 exsolvuntur;
1535 916 1592 965 et
1624 906 1755 986 quia
1785 925 2026 985 pressus
2057 925 2153 985 pa-

164 1009 302 1050 vore
354 993 589 1067 sanguis
635 989 850 1050 tardius
893 986 1219 1075 labebatur,
1278 990 1628 1067 praefervidi
1683 989 1875 1050 balnei
1935 1007 2156 1068 vapore

165 1083 453 1134 enecatur.
524 1073 857 1152 additurque
887 1073 1147 1132 atrocior
1176 1073 1448 1149 saevitia,
1500 1074 1653 1151 quod
1698 1083 1870 1153 caput
1901 1083 2227 1151 amputa-10

162 1170 272 1218 tum
305 1158 596 1235 latumque
626 1159 681 1216 in
718 1158 913 1216 urbem
944 1155 1219 1236 Poppaea
1253 1155 1407 1215 vidit.
1467 1155 1616 1217 dona
1644 1156 1719 1217 ob
1744 1157 1891 1217 haec
1924 1157 2155 1236 templis

164 1243 398 1302 decreta
454 1260 621 1319 quem
684 1242 752 1302 ad
813 1241 982 1301 linem
1034 1238 1517 1300 memorabimus?
1587 1243 1925 1320 quicumque
1988 1259 2157 1301 casus

163 1337 483 1404 temporum
524 1323 965 1384 illorum·nobis
1010 1324 1106 1384 vel
1148 1324 1277 1396 aliis
1307 1325 1637 1384 auctoribus
1667 1333 1940 1399 noscent,
1988 1343 2155 1404 prae·

165 1417 445 1489 sumptum
476 1409 753 1485 habeant,
794 1410 1060 1488 quotiens
1102 1408 1273 1486 fugas
1315 1417 1373 1468 et
1405 1398 1616 1468 caedes
1657 1410 1824 1470 iussit
1856 1410 2152 1488 princepS,

164 1499 372 1555 totIens
414 1502 612 1571 grates
652 1492 777 1552 deis
814 1502 1007 1568 actas,
1053 1509 1319 1571 quaeque
1361 1512 1553 1553 rerum
1588 1493 1964 1553 secundarum
1996 1492 2150 1569 olim,
2175 1509 2227 1549 15

164 1589 273 1638 tum
300 1577 573 1657 publicae
610 1576 789 1638 cladis
830 1576 1076 1652 insignia
1120 1575 1321 1636 fuisse.
1371 1573 1562 1656 neque
1604 1586 1792 1637 tamen
1835 1576 2152 1653 silebimuS‚

166 1665 209 1722 si
255 1663 413 1740 quod
466 1671 699 1740 senatus
755 1661 1074 1720 consultum
1118 1660 1448 1721 adulatione
1493 1679 1704 1722 novum
1747 1670 1840 1721 aut
1882 1662 2156 1739 patientia

165 1756 513 1825 postremum
540 1745 663 1804 fuit.
1943 1777 1950 1786 ·

284 1831 388 1891 65.
444 1828 667 1890 Eodem
724 1846 872 1890 anno
929 1827 1268 1887 libertorum
1314 1829 1648 1906 potissimos
1700 1845 1923 1906 veneno
1985 1828 2154 1888 inter-

166 1915 401 1974 fecisse·
433 1913 686 1974 creditus
730 1921 850 1989 est,
890 1911 1298 1988 Doryphorum
1340 1913 1502 1988 quasi
1545 1909 1906 1970 adversatum
1946 1911 2158 1988 nuptiis

168 2000 507 2078 Poppaeae,
554 1998 897 2073 Pallantem,
940 1995 1093 2075 quod
1136 1996 1447 2055 inmensam
1487 1994 1789 2073 pecuniam
1837 1993 2014 2071 longa
2063 2012 2156 2052 se-

167 2093 330 2143 necta
389 2082 690 2142 detiueret.
740 2082 1052 2142 Romanus
1108 2079 1352 2137 secretis
1408 2077 1896 2138 criminationibus
1932 2079 2154 2135 incusa-

168 2176 331 2227 verat
378 2168 661 2227 Senecam
691 2176 749 2225 ut
792 2164 857 2225 C.
888 2162 1115 2223 Pisonis
1157 2163 1405 2240 socium,
1457 2162 1559 2223 sed
1591 2162 1834 2221 validius
1863 2180 1895 2221 a
1932 2162 2156 2219 Seneca
2179 2182 2209 2221 ⁵

170 2252 372 2311 eodem
426 2250 659 2310 crimine
694 2247 997 2329 perculsus
1042 2254 1148 2305 est.
1214 2246 1364 2305 unde
1393 2246 1590 2307 Pisoni
1620 2249 1790 2307 timor
1823 2254 1885 2305 et
1912 2252 2038 2305 orta
2075 2244 2154 2302 in-

170 2335 434 2395 sidiarum
462 2335 519 2393 in
548 2332 839 2393 Neronem
870 2348 1074 2409 magna
1108 2329 1298 2389 moles
1328 2340 1386 2390 et
1413 2333 1778 2408 inprospera.
