2475 4000
309 206 427 266 102
804 211 1135 261 CORNELII
1164 209 1399 258 TACITI
1423 205 1788 254 ANNALIUM

224 397 276 436 20
302 389 476 432 causa
509 371 792 448 pecuniae
818 375 1053 427 nostrae
1078 365 1148 425 ad
1172 323 1445 424 externas
1477 374 1574 424 aut
1605 363 1832 424 hostilis
1866 371 2078 440 gentes
2110 328 2301 463 ‘¹⁸3‘

294 451 596 516 feruntur?
1497 478 1514 498 2
2082 456 2179 518 qu

301 547 306 557 “
420 540 521 598 54.
572 535 701 594 Nec
735 538 941 613 ignoro
988 535 1045 593 in
1077 532 1357 592 conviviis
1403 541 1462 591 et
1507 531 1738 591 circulis
1783 532 2037 592 incusari
2047 525 2184 592 ista
2235 543 2302 593 et

294 621 519 681 modum
551 621 747 698 posci:
784 628 875 678 set
908 620 957 678 si
985 619 1111 696 quis
1136 617 1332 693 legem
1356 617 1594 692 sanciat,
1625 633 1850 694 poenas
1872 616 2102 691 indicat
2135 616 2299 676 idem

294 705 378 764 illi
410 705 699 763 civitatem
726 705 909 778 verti,
939 700 1406 779 splendidissimo
1441 702 1644 778 cuique
1675 701 1908 762 exitium
1941 701 2161 778 parari,
2192 720 2297 759 ne-

293 791 499 847 minem
534 789 786 848 criminis
820 795 1123 864 expertem
1154 784 1540 845 clamitabunt.
1590 787 1744 862 atqui
1776 803 1849 844 ne
1881 787 2146 862 corporis
2169 787 2296 863 qui-

251 872 425 946 5dem
462 871 701 931 morbos
736 881 970 931 veteres
1014 878 1073 928 et
1114 867 1209 928 diu
1253 879 1454 930 auctos
1500 869 1608 928 nisi
1645 887 1754 948 per
1795 870 1936 929 dura
1981 877 2038 927 et
2081 887 2298 948 aspera

298 974 611 1015 coerceas:
646 964 956 1034 corruptus
980 953 1149 1014 simul
1170 962 1229 1012 et
1251 963 1578 1032 corruptor,
1615 971 1797 1029 aeger
1822 963 1880 1012 et
1903 953 2154 1029 flagrans
2177 955 2297 1012 ani-

294 1058 417 1100 mus
447 1039 598 1099 haud
628 1038 946 1100 levioribus
974 1037 1249 1098 remediis
1271 1037 1712 1117 restinguendus
1739 1046 1830 1096 est
1853 1055 2023 1116 quam
2047 1037 2298 1098 libidini-

297 1125 403 1182 bus
434 1124 706 1184 ardescit
770 1131 857 1181 tot
888 1141 920 1183 a
949 1122 1264 1183 maioribus
1295 1132 1566 1201 repertae
1593 1121 1762 1210 leges
1774 1167 1792 1200 ,
1837 1131 1945 1181 tot
1940 1140 2096 1199 quas
2130 1121 2299 1180 divus

298 1208 593 1284 Augustus
641 1206 799 1282 tulit,
845 1205 985 1268 illae
1035 1205 1364 1284 oblivione,
1396 1206 1548 1282 hae,
1595 1195 1750 1283 quod
1793 1207 2136 1283 flagitiosius
2183 1215 2296 1281 est,

231 1323 279 1364 10
301 1300 633 1368 contemptu
674 1289 929 1350 abolitae
974 1292 1334 1352 securiorem
1379 1291 1571 1354 luxum
1612 1289 1834 1352 fecere.
1897 1309 2024 1350 nam
2067 1292 2118 1348 si
2149 1289 2296 1348 velis

301 1375 457 1452 quod
490 1374 737 1432 nondum
770 1375 1005 1433 vetitum
1034 1382 1158 1450 est,
1191 1375 1393 1436 timeas
1423 1393 1496 1434 ne
1532 1383 1768 1434 vetere:
1813 1384 1870 1434 at
1911 1377 1965 1434 si
2007 1373 2300 1452 prohibita

299 1460 525 1536 impune
568 1456 1031 1533 transcenderis,
1078 1475 1270 1536 neque
1315 1468 1500 1518 metus
1543 1459 1690 1518 ultra
1731 1476 1939 1537 neque*
1965 1458 2156 1537 pudor
2187 1465 2298 1516 est.

301 1559 401 1600 cur
448 1557 593 1617 ergo
638 1540 774 1600 olim
806 1541 1152 1617 parsImonia
1186 1541 1489 1619 pollebat?
1550 1543 1682 1620 quia
1727 1542 1837 1602 sibi
1880 1543 2129 1620 quisque
2177 1558 2301 1600 mo·

145 1699 155 1706 ⁴
302 1624 629 1700 derabatur,
664 1625 796 1701 quia
824 1625 987 1682 unius
1016 1624 1176 1684 urbis
1210 1627 1370 1685 cives
1403 1645 1658 1693 eramus3
1691 1645 1764 1685 ne
1791 1628 2152 1686 inritamenta
2177 1626 2301 1704 qui·

232 1739 281 1778 15
301 1710 429 1770 dem
487 1708 691 1768 eadem
747 1709 893 1766 intra
934 1707 1157 1768 Italiam
1210 1710 1650 1770 dominantibus.
1735 1711 1991 1772 externis
2035 1709 2304 1769 victoriis

301 1793 517 1869 aliena,
574 1790 838 1860 civilibus
884 1792 1055 1852 etiam
1102 1802 1299 1852 nostra
1349 1811 1692 1854 consumere
1734 1795 2052 1854 didicimus.
2121 1812 2305 1872 quan-

300 1877 473 1936 tulum
516 1875 665 1934 istud
717 1884 805 1934 est
849 1875 922 1934 de
954 1892 1069 1953 quo
1114 1877 1337 1937 aediles
1371 1878 1701 1938 admonent!
1762 1897 1966 1957 quam,
2014 1879 2064 1936 si
2097 1887 2308 1937 cetera

300 1961 603 2040 respicias,
634 1963 691 2019 in
720 1960 840 2021 levi
868 1958 1223 2022 habendum!
1276 1973 1332 2023 at
1375 1961 1616 2023 hercule
1659 1981 1829 2023 nemo
1877 1963 2093 2038 refert,
2141 1961 2308 2040 quod

298 2045 462 2106 ltalia
504 2054 783 2107 externae
829 2046 955 2122 opis
1002 2044 1253 2124 indiget,
1315 2049 1472 2127 quod
1513 2048 1628 2107 vita
1646 2048 1870 2127 populi
1915 2046 2160 2107 Romani
2195 2064 2309 2124 per

230 2132 519 2199 201ncerta
560 2130 731 2213 maris
768 2137 827 2187 et
867 2136 1274 2207 tempestatum
1307 2133 1520 2193 cotidie
1553 2132 1822 2191 volvitur.
1894 2149 1962 2192 ac
2005 2132 2115 2189 nisi
2162 2148 2306 2209 pro-

142 2217 158 2225 “
300 2214 609 2272 vinci-arum
642 2214 847 2289 copiae
885 2222 943 2271 et
970 2213 1215 2277 dominis
1245 2225 1302 2275 et
1333 2218 1584 2276 servitiis
1615 2225 1674 2275 et
1703 2218 1862 2293 agris
1897 2215 2304 2291 subvenerint,

300 2306 496 2355 nostra
525 2313 631 2354 nos
667 2296 895 2357 scilicet
916 2315 1153 2359 nemora
1176 2309 1530 2379 nostraeque
1553 2300 1728 2359 villae
1753 2300 2080 2359 tuebuntur.
2125 2298 2300 2373 hanc,

303 2390 499 2459 patres
529 2382 865 2459 conscripti,
905 2399 1099 2441 curam
1127 2385 1372 2444 sustinet
1400 2386 1706 2463 princeps;
1751 2384 1900 2444 haec
1929 2384 2141 2444 omissa
2169 2382 2297 2441 fun-

302 2466 449 2525 ditus
478 2482 599 2523 rem
638 2464 926 2543 publicam
958 2464 1163 2524 trahet.
1232 2468 1474 2545 reliquis
1506 2471 1654 2529 intra
1685 2470 1924 2528 animum
1953 2466 2298 2528 medendum

231 2589 281 2628 2-
306 2558 423 2608 est:
456 2565 561 2607 nos
595 2550 799 2627 pudor,
836 2566 1127 2645 pauperes
1158 2554 1515 2629 necessitaS‚
1559 2553 1766 2612 divites
1797 2554 1975 2611 satias
2005 2554 2062 2611 in
2090 2549 2300 2610 melius

300 2642 495 2693 mutet.
559 2642 659 2692 aut
690 2635 738 2693 si
769 2633 896 2711 quis
928 2650 1005 2691 ex
1030 2633 1460 2729 magistratibus
1482 2645 1708 2698 tantam
1736 2637 2070 2697 industriam
2103 2653 2172 2695 ac
2201 2652 2298 2693 se-

301 2718 602 2777 veritatem
634 2716 978 2795 pollicetur,
1014 2724 1073 2774 ut
1104 2718 1187 2775 ire
1204 2714 1448 2777 obviam
1479 2730 1672 2799 queat,
1705 2721 1854 2781 hunc
1888 2736 2002 2796 ego
2033 2728 2093 2779 et
2123 2718 2302 2778 laudo

303 2811 363 2861 et
402 2802 709 2860 exonerari
739 2798 1001 2859 laborum
1044 2815 1303 2859 meorum
1351 2812 1574 2903 partem
1612 2805 1833 2865 fateor:
1889 2806 1977 2863 sin
2015 2820 2306 2863 accusare

298 2888 436 2947 vitia
457 2886 678 2961 volunt,
710 2884 863 2960 dein,
897 2900 1023 2943 cum
1046 2884 1291 2959 gloriam
1316 2888 1442 2946 eius
1462 2890 1552 2949 rei
1572 2889 1768 2966 adepti
1793 2896 1943 2965 sunt,
1976 2886 2308 2945 simultates

232 3010 283 3051 30
302 2972 513 3030 faciunt
552 2986 621 3029 ac
671 2968 809 3026 mihi
849 2965 1205 3045 relinquunt,
1258 2972 1511 3047 credite,
1559 2981 1752 3051 patres
1803 2972 2156 3049 conscripti,
2204 2988 2304 3029 me

303 3072 532 3133 quoque
580 3069 697 3111 non
737 3068 871 3110 esse
905 3050 1284 3113 offensionum
1313 3057 1566 3126 avidum;
1620 3074 1762 3135 quas
1808 3074 1935 3115 cum
1977 3072 2192 3133 graves
2241 3063 2309 3113 et

301 3140 641 3218 plerumque
671 3135 895 3214 iniquas
926 3152 1032 3213 pro
1066 3156 1129 3196 re
1161 3139 1393 3216 publica
1421 3142 1754 3219 suscipiam,
1785 3142 1986 3199 inanes
2018 3149 2075 3199 et
2100 3140 2306 3198 inritas

300 3242 490 3301 neque
522 3220 657 3280 mihi
698 3229 795 3279 aut
826 3218 995 3281 vobis
1026 3222 1151 3281 usui
1184 3223 1404 3283 futuras
1437 3226 1560 3284 iure
1589 3224 1901 3302 deprecor.
1907 3229 1929 3257 ’

421 3310 522 3368 55.
562 3302 789 3365 Auditis
821 3304 1090 3368 Caesaris
1132 3306 1319 3368 literis
1363 3310 1607 3368 remissa
1637 3308 1923 3369 aedilibus
1963 3307 2096 3367 talis
2128 3324 2304 3374 cura;

300 3392 586 3469 luxusque
616 3407 874 3467 mensae,
908 3408 939 3449 a
972 3392 1084 3450 fine
1121 3390 1348 3453 Actiaci
1379 3390 1520 3451 belli
1553 3392 1624 3453 ad
1661 3408 1730 3452 ea
1761 3410 1950 3466 arma,
1996 3391 2124 3469 quis
2158 3392 2304 3449 Ser-

300 3478 427 3535 vius
470 3474 652 3536 Galba
692 3492 884 3539 rerum
924 3476 1169 3555 adeptus
1216 3486 1339 3551 est,
1388 3494 1492 3554 per
1543 3494 1724 3537 annos
1769 3485 1997 3536 centum
2040 3472 2310 3554 profusis
