2475 4000
156 3482 187 3492 x

360 209 433 274 10
872 217 1199 265 CORNELII
1229 215 1464 263 TACITI
1486 215 1848 262 ANNALIUM

283 399 337 440 ιο
358 373 745 448 consentitur,
790 387 899 449 pro
942 370 1213 433 Arruntio
1265 370 1490 448 quidam
1538 366 1642 428 Cn.
1696 367 1962 428 Pisonem
2011 367 2376 436 tradidere;

354 473 671 534 omnesque
712 463 947 534 praeter
985 453 1260 532 Lepidum
1302 454 1504 512 variis
1529 469 1663 511 mox
1711 451 2035 510 criminibus
2079 459 2380 511 struente

352 540 584 599 Tiberio
630 538 999 598 circumventi
1042 547 1187 596 sunt.
1265 539 1435 596 etiam
1479 535 1550 608 Q.
1591 535 1857 595 Haterius
1908 543 1970 593 et
2015 533 2380 594 Mamercus

354 625 615 684 Scaurus·
638 622 998 701 suspicacem
1022 622 1262 681 animum
1286 620 1701 697 perstrinxere,
1725 617 1988 678 Haterius
2013 635 2142 677 cum
2167 617 2378 676 'dixis-

354 708 503 766 set‘
521 722 822 784 quousque
848 705 1117 783 patieris,
1153 702 1403 779 Caesar,
1437 719 1550 762 non
1595 703 1804 762 adesse
1837 711 2004 780 caput
2031 701 2378 779 reipubli-

288 809 337 848 15
357 786 565 866 caeY’,
614 790 865 849 Scaurus
906 788 1035 865 quia
1068 788 1323 863 dixerat,
1370 804 1532 864 spem
1575 804 1722 846 esse·
1749 803 1827 844 ex
1871 802 1944 846 eo
1983 801 2093 844 nou
2141 787 2376 846 inritas

352 875 482 934 fore
512 875 747 933 senatus
780 889 1013 950 preces,
1044 872 1198 950 quod
1226 870 1492 930 relationi
1527 869 1868 930 consulum
1849 887 1973 929 iure
1999 867 2376 928 tribuniciae

355 958 657 1042 potestatis
700 960 825 1014 non
866 955 1316 1014 intercessisset.
1388 955 1445 1012 in
1491 952 1788 1012 Haterium
1839 953 2022 1011 statim
2073 953 2373 1012 invectus

356 1050 475 1109 est;
508 1025 806 1114 Scaurum,
839 1039 927 1101 cui
956 1037 1356 1116 inplacabilius
1385 1037 1772 1111 irascebatur,
1819 1036 2044 1095 silentio
2079 1036 2370 1094 tramisit.

353 1124 664 1201 fessusque
698 1123 951 1182 clamore
982 1123 1248 1197 omnium,
1282 1120 1747 1220 expostulatione
1793 1119 2146 1195 singulorum
2181 1117 2372 1178 flexit

282 1225 338 1265 ιο
356 1207 647 1286 paulatim,
677 1223 793 1265 non
822 1214 883 1265 ut
912 1205 1193 1265 fateretur
1221 1205 1436 1282 suscipi
1467 1223 1498 1264 a
1521 1221 1606 1262 se
1615 1204 1946 1282 imperium,
1991 1201 2098 1262 sed
2139 1210 2204 1261 ut
2249 1219 2368 1262 ne·

354 1303 497 1366 gare
530 1298 587 1347 et
618 1289 812 1365 rogari
844 1288 1152 1347 desineret.
1216 1296 1440 1348 constat
1469 1286 1792 1362 Haterium,
1834 1303 1958 1345 cum
1989 1285 2368 1362 deprecandi

356 1389 529 1432 causa
559 1372 835 1431 Palatium
865 1373 1157 1431 introisset
1186 1371 1637 1449 ambulantisque
1666 1369 1882 1429 Tiberii
1911 1384 2093 1445 genua
2139 1368 2362 1428 advol-

313 1484 317 1488 -
355 1463 612 1531 veretur,
643 1471 833 1532 prope
862 1471 894 1512 a
928 1454 1197 1514 militibus
1230 1453 1613 1529 interfectum,
1655 1454 1787 1531 quia
1813 1451 2078 1512 Tiberius
2099 1469 2248 1512 casu
2283 1469 2366 1512 an

354 1537 611 1597 manibus
642 1532 766 1596 eius
796 1536 1083 1614 inpeditus
1116 1537 1476 1614 prociderat.'
1527 1553 1716 1615 neque
1746 1546 1934 1609 tamen
1963 1534 2232 1614 periculo
2267 1544 2360 1596 ta-

286 1641 339 1680 25
359 1623 431 1681 lis
462 1621 571 1679 viri
600 1621 887 1695 mitigatus
918 1627 1039 1697 est,
1074 1620 1264 1678 donec
1297 1619 1563 1679 Haterius
1591 1620 1908 1697 Augustam
1949 1626 2141 1677 oraret
2189 1619 2360 1676 eius·

306 1711 311 1718 “
358 1722 473 1783 que
504 1702 873 1762 curatissimis
903 1701 1178 1779 precibus
1202 1711 1632 1796 protegeretur.
2119 1734 2126 1740 ·

490 1787 584 1844 14.
628 1784 803 1844 Multa
852 1793 1073 1861 patrum
1122 1792 1183 1842 et
1215 1785 1272 1841 in
1311 1782 1626 1860 Augustam
1671 1785 1943 1844 adulatio.
1969 1784 2099 1842 alii
2133 1801 2356 1862 paren-

360 1879 511 1950 tem,
555 1867 651 1926 alii
694 1875 929 1925 matrem
972 1867 1193 1945 patriae
1244 1866 1674 1945 appellandam,
1721 1868 1988 1945 plerique
2027 1875 2089 1925 ut
2128 1869 2356 1938 nomini

360 1949 629 2011 Caesaris
655 1949 1080 2011 adscriberetur
1104 1949 1316 2012 ‘Iuliae
1343 1950 1526 2010 iilius’
1553 1951 1885 2010 censebant.
1917 1950 2016 2010 ille
2037 1951 2355 2011 moderan-

358 2036 465 2095 dos
512 2034 845 2095 feminarum
874 2034 1127 2094 honores
1164 2035 1430 2095 dictitans
1481 2034 1798 2111 eademque
1849 2052 1914 2093 se
1963 2036 2356 2110 temperantia

306 2131 334 2170 5
360 2136 589 2176 usurum
620 2118 775 2174 iniis
808 2134 955 2194 quae
992 2117 1100 2183 sibi
1131 2119 1549 2193 tribuerentur,
1597 2127 1852 2177 ceterum
1893 2118 2092 2175 anxius
2131 2117 2355 2176 invidia

359 2209 416 2258 et
444 2198 727 2257 muliebre
748 2197 1033 2274 fastigium
1064 2202 1122 2278 in
1150 2201 1592 2261 deminutionem
1621 2202 1708 2259 sui
1737 2200 2032 2277 accipiens
2065 2216 2138 2256 ne
2173 2198 2353 2257 lieto-

356 2299 478 2341 rem
506 2280 737 2357 quidem
774 2281 829 2336 ei
860 2279 1093 2340 decerni
1129 2302 1336 2360 passus
1371 2292 1462 2342 est
1490 2298 1760 2357 aramque
1791 2282 2117 2359 adoptionis
2139 2290 2200 2337 et
2229 2280 2355 2339 alia

357 2364 598 2425 huiusce
628 2360 781 2422 modi
807 2361 1114 2439 prohibuit.
1172 2374 1230 2423 at
1272 2362 1608 2424 Germanico
1641 2362 1878 2423 Caesari
1921 2362 2356 2441 proconsulare

360 2446 661 2526 imperium
692 2446 914 2524 petivit,
931 2447 1217 2524 *missique
1251 2447 1428 2523 leg-ati
1462 2448 1555 2525 qui
1581 2447 1895 2521 deferrent,
1923 2446 2087 2505 simul
2111 2448 2356 2505 maesti·
2466 2458 2467 2467 ¹

291 2542 341 2584 ιο
360 2533 492 2591 tiam
520 2532 644 2590 eius
677 2528 753 2589 ob
788 2546 1094 2589 excessum
1127 2528 1372 2605 Augusti
1411 2530 1750 2590 solarentur.
1815 2545 1932 2607 quo
1969 2530 2152 2589 minus
2189 2528 2356 2587 idem
2465 2516 2467 2530 ’

360 2631 465 2693 pro
520 2613 713 2673 Druso
756 2613 1176 2691 postularetur,
1223 2630 1292 2671 ea
1339 2630 1508 2672 causa
1563 2613 1716 2692 quod
1763 2613 2096 2689 designatus
2140 2612 2356 2672 consul

358 2698 582 2759 Drusus
626 2713 1021 2774 praesensque
1072 2704 1215 2754 erat.
1287 2696 1622 2755 candidatos
1675 2704 1982 2774 praeturae
2033 2695 2352 2756 duodecim

358 2781 688 2854 nominavit,
722 2796 1013 2839 numerum
1041 2778 1114 2838 ab
1146 2778 1411 2855 Augusto
1441 2780 1731 2846 traditum;
1781 2788 1842 2837 et
1879 2780 2143 2839 hortante
2175 2797 2349 2839 sena-

360 2874 417 2923 tu
452 2872 528 2923 ut‘
548 2870 809 2939 augeret,
842 2864 966 2921 iure
995 2863 1232 2922 iurando
1264 2862 1568 2922 obstrinxit
1595 2881 1662 2923 se
1689 2879 1802 2921 non
1835 2878 2232 2923 excessurum.

485 2947 581 3007 15.
629 2944 771 3004 Tum
814 2947 1051 3023 primum
1096 2965 1129 3005 e
1176 2963 1380 3026 campo
1421 2947 1650 3007 comitia
1701 2947 1772 3006 ad
1820 2956 2016 3023 patres
2063 2944 2348 3006 translata

360 3037 518 3089 sunt:
562 3046 691 3090 uam
732 3028 803 3088 ad
850 3046 974 3088 eam
1020 3030 1167 3090 diem
1186 3073 1203 3105 ,
1255 3032 1364 3089 etsi
1403 3030 1697 3109 potissima
1751 3028 1985 3089 arbitrio
2035 3028 2344 3107 principis,

362 3112 639 3191 quaedam
660 3120 849 3171 tamen
878 3112 1078 3172 studiis
1100 3112 1342 3173 tribuum
1367 3113 1595 3173 flebant.
1645 3130 1838 3191 neque
1869 3112 2119 3192 populus
2147 3111 2348 3171 adem-

360 3206 515 3274 ptum
544 3196 631 3255 ius
663 3204 899 3273 questus
930 3206 1021 3255 est
1052 3197 1161 3256 uisi
1200 3198 1351 3257 inani
1391 3212 1653 3272 rumore,
1697 3195 1772 3256 et*
1797 3206 2031 3256 senatus
2081 3196 2348 3271 largitio-

314 3294 341 3333 5
360 3280 527 3339 nibus
554 3297 625 3338 ac
653 3277 925 3357 precibus
959 3279 1205 3339 sordidis
1238 3280 1538 3339 exsolutus
1560 3278 1747 3339 libens
1770 3280 1970 3355 tenuit,
2001 3280 2346 3339 moderante

359 3360 591 3422 Tiberio
632 3380 704 3422 ne
750 3363 949 3441 plures
997 3380 1164 3442 quam
1204 3370 1474 3440 quattuor
1511 3362 1843 3423 candidatos
1890 3362 2344 3437 commendaret,

360 3445 483 3504 siue
512 3446 745 3523 repulsa
772 3456 831 3506 et
860 3446 1071 3507 ambitu
1112 3446 1522 3523 designandos.
1575 3447 1727 3506 inter
1773 3460 1920 3525 quae
1959 3445 2172 3505 tribuni
2213 3444 2348 3525 ple-
