2475 4000
759 206 970 253 mman
991 205 1084 252 1v.
1119 204 1269 253 cAP.
1286 170 1497 259 {³413-
1690 264 1697 283 Ι
1970 150 1981 176 x
2021 196 2141 259 119

153 378 323 421 causa
353 357 477 436 fuit,
509 366 571 419 ut
603 358 764 419 claro
789 356 894 419 sub
921 358 1194 457 exemplo
1218 358 1398 419 falsas
1432 353 1755 420 auditiones
1786 354 2143 441 depellerem
2222 410 2230 415 .

149 453 524 523 peteremque
553 442 624 503 ab
659 443 748 517 iis,
783 459 1024 520 quorum
1052 444 1110 501 in
1133 460 1339 501 manus
1376 460 1513 501 cura
1548 451 1745 503 nostra
1771 448 2027 523 venerit,
2064 465 2144 507 ne

154 527 454 605 divulgata
480 534 652 604 atque
692 524 1050 586 incredibilia
1079 525 1251 587 avide
1283 534 1529 618 accepta
1557 526 1713 585 veris
1742 546 1931 607 neque
1958 532 2014 590 in
2042 532 2139 590 mi-

151 613 404 675 raculum
439 611 726 689 corruptis
756 608 1159 670 antehabeant.

273 694 371 755 12.
415 692 687 755 Ceterum
724 692 992 753 laudante
1039 693 1214 754 filium
1250 711 1359 772 pro
1399 694 1607 753 rostris
1637 694 1872 754 Tiberio
1908 705 2141 757 senatus

152 779 516 859 populusque
568 776 822 837 habitum
863 794 933 837 ac
982 795 1164 837 voces
1208 776 1501 837 dolentum
1549 765 1917 838 simulatione
1956 783 2141 856 magis
2244 804 2251 809 ·

151 882 310 942 quam
341 861 532 924 libens
564 859 867 937 induebat,
915 859 1258 960 domumque
1292 861 1617 922 Germanici
1645 862 2009 921 revirescere
2042 880 2140 923 oc-

149 947 280 1010 culti
318 945 697 1007 laetabantur.
767 944 920 1023 quod
955 946 1298 1025 principium
1340 942 1559 1004 favoris
1608 954 1667 1004 et
1704 954 1888 1005 mater
1929 945 2143 1025 Agrip-

149 1032 276 1109 pina
301 1048 496 1109 *spem
534 1030 684 1091 male
725 1037 933 1105 tegens
975 1030 1294 1108 perniciem
1336 1028 1769 1089 adceleravere.
1827 1046 1955 1089 nam
1984 1030 2139 1090 Seia-
2170 1052 2193 1090 5

147 1134 248 1175 nus
301 1114 400 1175 ubi
447 1113 606 1174 videt
657 1122 897 1173 morte-
952 1112 1126 1175 Drusi
1183 1113 1417 1173 inultam
1468 1112 1965 1191 interfectoribus,
2016 1114 2144 1173 sine

145 1217 411 1265 maerore
455 1196 689 1277 publico
732 1214 897 1273 esse,
944 1198 1116 1257 ferox
1161 1197 1483 1273 scelerum,
1532 1205 1590 1257 et
1629 1199 1763 1276 quia
1794 1198 1973 1275 prima
2009 1215 2143 1275 pro-

147 1290 457 1358 venerant,
493 1282 757 1342 volutare
789 1298 1018 1357 secum,
1065 1298 1311 1358 quonam
1348 1280 1523 1341 modo
1570 1279 1891 1341 Germanici
1926 1280 2144 1342 liberos

147 1373 548 1446 perverteret,
591 1382 836 1443 quorum
860 1382 978 1426 non
1007 1363 1178 1425 dubia
1209 1365 1529 1426 successio.
1589 1382 1779 1442 neque
1810 1367 2009 1443 spargi
2044 1382 2144 1424 ve·
2254 1419 2263 1437 f

145 1468 349 1512 nenum
371 1451 456 1512 ,in
503 1458 625 1509 tres
667 1456 925 1528 poterat,
978 1451 1225 1525 egregia
1266 1448 1564 1508 custodum
1610 1448 1725 1508 fide
1770 1457 1827 1507 et
1872 1448 2142 1527 pudicitia
2166 1465 2213 1505 10

143 1534 507 1615 Agrippinae
537 1530 963 1611 inpenetrabili.
1027 1534 1200 1609 igitur
1229 1534 1642 1593 contumaciam
1687 1534 1812 1592 eius
1852 1532 2143 1607 insectari,

143 1628 308 1682 vetus
339 1618 645 1695 Augustae
677 1616 899 1693 odium,
938 1626 1235 1677 recentem
1263 1617 1461 1677 Liviae
1504 1616 1916 1677 conscientiam
1946 1618 2143 1691 exagi-

143 1711 288 1780 tare,
323 1712 382 1781 ut
419 1701 730 1780 superbam
769 1699 1158 1777 fecunditate,
1202 1700 1501 1760 subnixam
1532 1699 1910 1778 popularibus
1946 1698 2145 1759 studiis

25 1786 36 1793 '
141 1786 364 1846 inhiare
403 1786 778 1846 dominatio-ni
821 1785 973 1862 apud
1021 1783 1335 1844 Gaesarem
1376 1792 1707 1858 arguerent.
1782 1792 1953 1860 atque
1997 1781 2145 1842 haec

143 1869 371 1927 callidis
414 1867 902 1943 criminatoribus,
959 1868 1108 1927 inter
1163 1882 1311 1944 quos
1356 1865 1659 1940 delegerat
1693 1864 1893 1923 Iulium
1941 1864 2139 1925 Postu·
2164 1880 2215 1921 15

138 1966 328 2025 mum,
379 1967 486 2029 per
515 1950 856 2011 adulterium
885 1950 1142 2010 Mutiliae
1173 1949 1409 2008 Priscae
1449 1947 1600 2005 inter
1630 1947 1859 2017 intimos
1892 1947 2058 2006 aviae
2088 1957 2147 2006 et

142 2032 406 2097 consiliis
461 2035 578 2092 suis
618 2032 1028 2111 peridoneum,
1091 2033 1223 2106 quia
1270 2029 1467 2092 Prisca
1520 2029 1579 2087 in
1627 2029 1814 2087 animo
1848 2007 2147 2102 Augustae
2234 2052 2255 2063 ⁸

136 2116 336 2174 valida
381 2133 549 2174 anum
607 2123 811 2194 suapte
861 2123 1064 2173 natura
1121 2112 1422 2189 potentiae
1471 2112 1697 2209 anxiam
1750 2110 2149 2172 insociabilem

61 2225 76 2239 ο
137 2200 312 2256 nurui
369 2197 679 2256 efficiebat.
749 2196 1113 2273 Agrippinae
1162 2211 1393 2272 quoque
1448 2189 1695 2272 proximi
1748 2193 2147 2257 inliciebantur

141 2278 346 2360 pravis
377 2267 742 2340 sermonibus
774 2278 1022 2338 tumidos
1051 2277 1287 2376 spiritus
1322 2278 1773 2355 per-stimulare.
2164 2298 2215 2338 20

159 2366 167 2370 ’
269 2361 368 2422 13.
407 2362 486 2434 At
516 2361 782 2422 Tiberius
808 2362 948 2423 nihil
978 2361 1304 2422 intermissa
1332 2380 1523 2422 rerum
1546 2379 1729 2438 ·,cura
1772 2365 2007 2439 negotia
2036 2381 2144 2441 pro
2276 2359 2282 2368 '

137 2446 386 2511 solaciis
431 2446 761 2523 accipiens,
813 2447 904 2506 ius
947 2446 1186 2522 civium,
1237 2463 1451 2525 preces
1496 2446 1788 2506 sociorum
1831 2445 2143 2515 tractabat;

139 2534 424 2610 factaque
467 2539 705 2592 auctore
739 2547 812 2590 eo
845 2539 1076 2592 senatus
1110 2530 1405 2606 consulta,
1444 2539 1505 2589 ut
1535 2529 1750 2588 civitati
1780 2527 2147 2604 Cibyraticae

139 2615 298 2696 apud
327 2615 544 2690 Asiam,
577 2612 859 2690 Aegiensi
892 2615 1044 2694 apud
1066 2615 1376 2688 Achaiam,
1416 2622 1573 2674 motu
1602 2621 1794 2672 terrae
1824 2612 2145 2688 labefactis,

142 2701 553 2762 subveniretur
592 2699 934 2759 remissione
976 2697 1168 2759 tributi
1210 2700 1268 2758 in
1310 2698 1629 2759 trienninm.
1692 2705 1749 2757 et
1794 2696 1999 2756 Vibius
2042 2697 2141 2756 Se·
2170 2713 2195 2752 5

141 2803 322 2846 renus
351 2802 459 2862 pro
491 2781 733 2859 consule
761 2783 1053 2844 ulterioris
1082 2782 1429 2861 Hispaniae,
1467 2781 1543 2840 de
1571 2782 1629 2840 vi
1663 2779 1895 2859 publica
1924 2779 2147 2840 damna-

143 2877 268 2946 tus,
319 2867 395 2930 ob
427 2869 792 2930 atrocitatem
818 2883 1038 2927 morum
1068 2867 1124 2926 in
1154 2865 1396 2927 insulam
1427 2865 1745 2942 Amorgum
1791 2863 2148 2943 deportatur.

43 2998 60 3008 .
144 2952 446 3014 Carsidius
489 2949 812 3026 Sacerdos,
850 2968 990 3010 reus
1030 2958 1323 3027 tamquam
1356 2950 1651 3010 frumento
1684 2948 1913 3008 hostem
1944 2947 2149 3008 Tacfa-

141 3039 389 3098 rinatem
416 3036 708 3112 -iuvisset,
747 3033 1098 3110 absolvitur,
1147 3032 1523 3111 eiusdemque
1562 3033 1816 3094 criminis
1860 3030 1926 3092 C.
1972 3031 2149 3094 Grac-

145 3120 309 3182 chus.
359 3120 512 3181 bunc
555 3121 826 3182 comitem
854 3118 1014 3180 exilii
1049 3116 1353 3178 admodum
1378 3117 1650 3178 infantem
1680 3125 1846 3195 pater
1876 3115 2147 3193 Sempro·
2170 3131 2219 3173 ιο

141 3206 272 3265 nius
304 3206 362 3264 in
390 3203 632 3267 insulam
663 3202 968 3266 Cercinam
996 3201 1224 3262 tulerat.
1287 3199 1408 3260 illic
1448 3200 1674 3262 adultus
1706 3200 1855 3259 inter
1885 3208 2150 3260 extorres

145 3296 203 3348 et
247 3288 576 3351 liberalium
619 3289 820 3350 artium
859 3287 1309 3363 nescios,..mox
1348 3302 1457 3364 per
1486 3284 1745 3346 Africam
1787 3301 1859 3343 ac
1899 3282 2151 3356 Siciliam

139 3371 416 3433 mutando
461 3371 727 3432 sordidas
766 3388 996 3431 merces
1040 3368 1493 3437 sustentabatur;
1542 3384 1731 3445 neque
1775 3376 1965 3438 tamen
2012 3367 2147 3428 effu·

137 3457 230 3531 git
261 3473 509 3532 magnae
541 3457 808 3519 fortunae
835 3453 1114 3534 pericula.
1167 3471 1240 3516 ac
1266 3455 1323 3514 ni
1347 3452 1551 3514 Aelius
1570 3451 1762 3514 Lamia
1786 3459 1845 3511 et
1870 3450 1933 3510 L.
1957 3449 2150 3530 Apro-
