2475 4000
284 209 398 271 134
750 170 1076 261 connum
1111 208 1351 258 ucri-1
1377 208 1740 257 mumma

283 388 470 433 curam
499 367 686 427 libens
721 373 781 425 ut
811 363 1287 441 consanguineus.
1333 371 1466 421 tunc
1500 370 1779 421 tractatae
1812 361 2264 423 Massiliensium

282 470 489 535 preces
518 449 932 529 probatumque
958 448 1023 506 P.
1049 447 1243 507 Rutilii
1274 445 1623 523 exemplum
1675 464 1917 523 namque
1952 464 2086 504 eum
2116 448 2267 524 legi·

211 538 386 601 2obus
427 535 649 613 pulsum
693 534 874 593 civem
921 530 1026 591 sibi
1057 528 1357 611 Zmyrnaei
1399 528 1750 592 addiderant.
1812 546 1927 607 quo
1963 530 2090 588 iure
2120 532 2267 590 Vul-

281 620 460 680 catius
481 616 752 677 Moschus
783 614 914 677 exul
946 616 1002 675 in
1023 614 1415 674 Massilienses
1443 621 1720 690 receptus
1746 611 1898 673 bona
1922 630 2023 672 sua
2048 616 2137 673 rei
2164 632 2267 692 pu-

281 703 472 764 blicae
503 717 700 761 eorum
729 709 788 759 ut
818 698 1038 779 patriae
1069 697 1404 774 reliquerat.
1869 755 1874 760 ,

401 786 499 847 44.
543 782 756 843 Obiere
795 800 868 843 eo
907 797 1053 842 anno
1086 780 1194 840 viri
1230 780 1461 839 nobiles
1501 777 1604 838 Cn.
1644 778 1917 838 Lentulus
1946 788 2005 837 et
2049 778 2113 838 L.
2146 779 2269 839 Do-

281 869 486 928 mitius.
553 866 794 927 Lentulo
849 881 1022 943 super
1077 863 1429 923 consulatum
1478 872 1534 921 et
1582 861 1942 943 triumphalia
1985 862 2062 921 de
2106 862 2271 923 Getis

281 952 504 1028 gloriae
535 950 721 1010 fuerat
747 949 898 1008 bene
929 947 1172 1007 tolerata
1203 955 1544 1025 paupertas,
1578 945 1708 1003 dein
1730 962 1974 1021 magnae
1996 963 2152 1024 opes
2186 948 2271 1005 in-

281 1044 558 1095 nocenter
603 1041 835 1111 paratae
881 1039 940 1091 et
981 1030 1245 1092 modeste
1300 1028 1547 1089 habitae.
1611 1027 1918 1088 Domitium
1963 1028 2273 1089 decoravit

235 1139 260 1177 ⁵
284 1127 449 1197 pater
483 1116 637 1176 civili
672 1116 830 1175 bello
861 1115 1030 1175 maris
1068 1122 1292 1193 potens,
1324 1112 1515 1172 donec
1544 1112 1777 1172 Antonii
1807 1110 2095 1190 partibuS,
2128 1130 2273 1173 mox

283 1200 551 1261 Caesaris
589 1200 946 1259 misceretur.
1009 1216 1149 1259 avus
1191 1195 1525 1256 Pharsalica
1568 1198 1693 1255 acie
1734 1213 1842 1274 pro
1875 1196 2266 1273 optumatibus

283 1283 590 1343 ceciderat.
647 1284 776 1360 ipse
807 1282 1067 1341 delectus
1099 1282 1190 1340 cui
1218 1282 1403 1339 minor
1433 1280 1713 1355 Antonia,
1762 1278 1999 1338 Octavia
2044 1281 2253 1355 genita,

282 1369 339 1426 in
378 1366 788 1424 matrimonium
827 1363 1087 1439 daretur,
1147 1372 1282 1440 post
1322 1366 1582 1423 exercitu
1624 1357 1830 1421 llum’en
1875 1362 2075 1422 Albim
2110 1371 2253 1421 tran-

285 1446 526 1522 scendit,
555 1446 788 1523 longius
819 1454 1116 1523 penetrata
1149 1445 1444 1506 Germania
1478 1464 1642 1524 quam
1668 1448 1963 1523 quisquam
1986 1446 2263 1523 priorum,

217 1550 265 1591 m
285 1548 500 1608 easque
536 1528 610 1588 ob
645 1548 744 1589 res
781 1529 1027 1604 insignia
1057 1529 1322 1607 triumphi
1360 1530 1599 1609 adeptus
1630 1538 1737 1589 est.
1793 1530 1936 1588 obiit
1964 1538 2024 1605 et
2052 1529 2127 1588 L.·
2148 1530 2266 1587 An-

285 1614 491 1689 tonius,
525 1611 697 1671 multa
727 1611 1058 1671 claritudine
1088 1616 1352 1690 generis,
1387 1614 1491 1675 sed
1518 1614 1881 1692 inprospera.
1934 1630 2067 1671 nam
2102 1620 2269 1690 patre

285 1700 408 1757 eius
448 1695 572 1755 Iulo
613 1695 863 1755 Antonio
914 1694 990 1754 ob
1036 1694 1369 1755 adulterium
1412 1696 1588 1756 Iuliae
1633 1705 1816 1756 morte
1867 1697 2067 1773 punito
2114 1695 2273 1755 hunc

285 1778 580 1845 admodum
600 1774 1104 1856 adulescentulum,
1130 1782 1353 1839 sororis
1374 1789 1664 1859 nepotem,
1688 1780 1951 1857 seposuit
1966 1778 2271 1855 Augustus

285 1865 342 1921 in
371 1863 658 1922 civitatem
686 1861 1130 1940 Massiliensem,
1158 1862 1259 1922 ubi
1289 1866 1489 1943 specie
1524 1863 1834 1926 studiorum
1860 1877 2075 1922 nomen
2108 1862 2273 1923 exilii

219 1963 266 2003 15
291 1955 600 2024 tegeretur.
669 1945 908 2022 habitus³
939 1955 1128 2008 tamen
1169 1948 1449 2026 supremis
1487 1946 1702 2023 honor,
1754 1962 2003 2023 ossaque
2050 1946 2271 2005 tumulo

273 2031 652 2091 'Octaviorum
679 2030 852 2090 inlata
884 2049 989 2108 per
1019 2025 1314 2090 decretum
1342 2041 1593 2090 senatus,

405 2117 506 2175 45.
549 2113 736 2173 Isdem
769 2115 1102 2174 consulibus
1131 2114 1354 2175 facinus
1388 2122 1555 2173 atrox
1594 2114 1651 2172 in
1683 2114 1955 2174 citeriore
1986 2111 2272 2191 Hispania

285 2199 588 2258 admissum
626 2215 659 2256 a
708 2196 951 2273 quodam
995 2199 1212 2274 agresti
1257 2199 1502 2256 nationis
1537 2183 1947 2257 Termestinae.
2015 2197 2069 2254 is
2101 2214 2269 2273 prae-

283 2291 465 2340 torem
499 2279 834 2356 provinciae
865 2278 927 2337 L.
958 2279 1253 2358 Pisonem,
1282 2298 1432 2359 pace
1461 2282 1829 2354 incuriosum,
1860 2298 1937 2339 ex
1964 2280 2269 2358 inproviso

284 2366 341 2427 in
371 2363 574 2422 itinere
616 2361 852 2423 adortus
889 2379 1000 2421 uno
1043 2363 1282 2424 vulnere
1328 2366 1385 2424 in
1424 2373 1661 2424 mortem
1690 2363 1935 2432 adfecit;
1975 2381 2047 2422 ac
2078 2364 2259 2443 perui·

239 2465 264 2503 5
287 2449 460 2507 citate
511 2447 644 2524 equi
686 2446 1002 2525 profugus,
1027 2455 1354 2525 ‘postquam
1408 2448 1695 2508 saltuosos
1747 2447 1915 2506 locos
1978 2442 2262 2522 attigerat,

285 2531 517 2590 dimisso
569 2547 716 2608 equo
762 2547 866 2608 per
911 2528 1151 2608 derupta
1199 2539 1259 2589 et
1298 2531 1425 2592 avia
1470 2531 1764 2607 sequentis
1807 2529 2117 2589 frustratus
2158 2537 2267 2587 est.

238 2653 246 2664 ,
285 2631 472 2691 neque
503 2613 598 2673 diu
628 2612 868 2692 fefellit:
889 2613 1026 2671 ‘nam
1057 2631 1270 2690 prenso
1293 2613 1581 2691 ductoque
1614 2632 1721 2692 per
1753 2615 2051 2692 proximos
2078 2629 2273 2691 pagos

284 2715 454 2775 equ0,
488 2697 646 2756 cuius
679 2695 834 2755 foret
867 2696 1172 2771 cognitum.
1225 2706 1283 2758 et
1310 2707 1579 2776 repertus
1603 2715 1729 2756 cum
1756 2697 2057 2756 tormentis
2090 2695 2275 2755 edere

289 2782 558 2841 conscios
604 2779 966 2856 adigeretur,
1013 2796 1162 2838 voce
1202 2775 1408 2856 magna
1438 2798 1704 2840 sermone
1736 2781 1922 2858 patrio
1956 2779 2177 2839 frustra
2210 2797 2277 2838 se

85 2857 98 2864 ’
144 2873 157 2938 '.
222 2884 268 2924 ιο
285 2864 639 2940 interrogari
663 2861 997 2921 clamitavit:
1028 2861 1373 2922 adsisterent
1397 2865 1543 2923 socii
1568 2881 1637 2924 ac
1660 2870 2021 2942 spectarent;
2058 2863 2281 2921 nullam

286 2948 398 3006 vim
429 2955 641 3006 tantam
675 2944 896 3004 doloris
927 2945 1078 3023 fore,
1109 2955 1174 3005 ut
1198 2947 1499 3007 veritatem
1534 2948 1793 3020 eliceret.
1842 2947 2111 3024 idemque
2144 2964 2283 3005 cum

289 3038 526 3108 postero
571 3029 642 3090 ad
685 3029 1095 3106 quaesitionem
1123 3031 1547 3108 retraberetur,
1595 3048 1667 3090 eo
1710 3031 1837 3090 nisu
1882 3031 2168 3108 proripuit
2212 3047 2278 3088 se

290 3111 620 3174 custodibus
661 3128 920 3189 saxoque
966 3122 1136 3191 caput
1191 3113 1438 3192 adflixit,
1494 3125 1557 3174 ut
1596 3115 1782 3174 statim
1827 3115 2275 3172 exanimaretur.

289 3196 392 3256 sed
418 3196 552 3257 Piso
585 3195 1063 3256 Termestinorum
1102 3197 1240 3258 dolo
1286 3215 1493 3258 caesus
1522 3198 1795 3266 habetur;
1840 3197 2057 3276 quippe
2093 3213 2274 3274 pecu-

219 3295 269 3336 15
288 3281 408 3340 nias
443 3299 485 3422 b>
528 3278 760 3361 publico
795 3279 1148 3361 interceptas
1189 3282 1377 3342 acrius
1409 3300 1578 3359 quam
1604 3289 1663 3340 ut
1695 3279 2011 3340 tolerarent
2040 3278 2279 3338 barbari

290 3377 440 3440 coge
486 3371 560 3423 at.
647 3384 654 3390 ’
2276 3395 2281 3404 -

405 3445 508 3505 46.
563 3446 800 3507 Lentulo
859 3446 1156 3508 Gaetulico
1216 3445 1282 3507 C.
1338 3446 1594 3508 Calvisio
1654 3443 1988 3508 consulibus
2038 3444 2278 3506 decreta
