2475 4000
288 191 410 252 278
786 199 1115 248 commun
1148 199 1384 247 nom
1415 159 1778 272 Amanum

285 355 543 438 pluribus
588 355 741 416 salus
788 357 912 414 eius
959 353 1294 430 curabatur,
1337 362 1396 412 et
1442 355 1686 432 spatium
1732 357 1950 416 itineris
1997 374 2068 416 ac
2110 361 2315 420 maris

282 450 640 518 tempusque
664 441 1023 499 interiectum
1066 446 1330 497 moverat
1368 437 1573 498 famam
1588 462 1608 508 3.
1649 439 1943 518 vulgoque
1987 441 2315 518 fingebant

283 527 523 604 petitum
568 523 641 582 ab
686 542 758 584 eo
798 521 1219 598 Corbulonem,
1265 524 1488 598 magnis
1528 531 1643 582 tum
1679 524 2030 584 exercitibus
2061 529 2310 605 praesi-

230 632 256 671 5
284 608 513 667 dentem
554 617 641 684 et,
702 608 843 668 clari
891 615 1061 686 atque
1116 608 1374 665 insontes
1421 606 1481 666 si
1519 607 2007 686 interficerentur,
2055 613 2306 688 praeci—

279 681 451 772 puum
496 691 567 750 ad
610 692 887 770 pericula.
949 691 1081 769 quin
1124 699 1184 754 et
1226 689 1422 750 Asiam
1464 690 1668 751 favore
1713 693 1936 751 iuvenis
1979 711 2138 752 arma
2189 713 2304 754 ee-

277 771 473 856 pisse,
521 793 630 835 nec
674 775 885 835 milites
928 774 999 834 ad
1042 773 1237 834 scelus
1271 775 1484 833 missos
1527 785 1620 834 aut
1665 793 1900 836 numero
1933 776 2160 836 validos
2193 787 2306 838 ant

276 862 468 922 animo
491 869 817 938 promptoS,
845 867 1149 938 postquam
1170 861 1326 918 iussa
1352 859 1594 918 efficere
1617 862 2003 938 nequiverint,
2037 861 2110 920 ad
2143 880 2302 940 spes

276 963 463 1006 novas
515 946 813 1005 transisse.
896 959 1043 1002 vana
1090 941 1239 1002 haec
1290 959 1452 1002 more
1506 942 1694 1003 famae
1751 945 2107 1004 credentium
2161 949 2298 1005 otio

93 1069 99 1092 ,
210 1045 259 1086 10
278 1028 663 1106 augebantur;
698 1037 950 1088 ceterum
987 1026 1229 1086 libertus
1253 1021 1436 1086 Plauti
1461 1027 1761 1086 celeritate
1785 1037 2086 1113 uentorum
2113 1048 2297 1109 prae-

276 1115 435 1173 venit
467 1113 859 1172 centurionem
904 1120 961 1171 et
994 1109 1256 1171 mandata
1295 1110 1356 1170 L.
1388 1109 1620 1170 Antistii
1651 1115 1842 1172 soceri
1873 1113 2086 1174 attulit:
2137 1114 2295 1173 effn-

275 1206 445 1274 geret
476 1215 716 1274 segnem
746 1205 1017 1265 mortem;
1052 1204 1338 1274 promtum
1369 1191 1675 1271 suffugium
1705 1215 1780 1256 ex
1809 1199 2001 1274 magni
2033 1199 2292 1257 nominis

274 1283 675 1350 miseratione;
709 1290 1067 1360 reperturum
1096 1279 1308 1356 bonos,
1342 1281 1804 1340 consociaturum
1835 1281 2120 1341 audaces:
2155 1281 2284 1340 nul-

276 1365 392 1425 lum
441 1366 665 1424 interim
719 1364 1027 1424 subsidium
1087 1363 1534 1442 aspernandum·
1605 1365 1654 1422 si
1709 1366 2013 1442 sexaginta
2066 1367 2287 1425 milites

206 1463 257 1506 15
280 1447 401 1527 (tot
430 1449 576 1506 enim
608 1447 1016 1526 adveniebant)
1051 1448 1426 1527 propulisset,
1464 1447 1594 1507 dum
1621 1449 1872 1509 refertur
1905 1451 2134 1509 nuntius
2163 1449 2287 1508 Ne·

275 1531 439 1607 roni,
480 1530 609 1590 dum
651 1529 866 1592 manus‘
892 1532 1001 1592 alia
1041 1540 1332 1610 permeat,
1394 1531 1567 1592 multa
1607 1542 1876 1593 secutura
1915 1551 2064 1610 quae
2107 1533 2288 1593 adus-

276 1633 387 1693 que
430 1614 644 1675 bellum
686 1615 1108 1675 evalescerent.
1166 1615 1416 1693 denique
1461 1625 1556 1676 aut
1599 1617 1840 1676 salutem
1885 1617 1983 1676 tali
2027 1617 2285 1678 consilio

276 1701 513 1776 quaeri,
568 1708 663 1758 aut
714 1698 851 1758 nihil
904 1699 1139 1775 gravius
1193 1698 1423 1759 audenti
1481 1718 1646 1778 quam
1690 1703 1901 1778 ignavo
1946 1702 2289 1779 patiendum

274 1799 429 1840 esse.

400 1863 501 1922 59.
546 1865 663 1922 Sed
694 1865 952 1926 Plautum
983 1885 1051 1927 ea
1080 1884 1195 1926 non
1224 1884 1498 1945 movere,
1517 1869 1665 1944 ¹sive
1696 1869 1907 1929 nullam
1937 1885 2108 1947 opem
2139 1887 2296 1946 pro-l

274 1944 507 2006 videbat
546 1947 777 2006 inermis
804 1959 991 2027 atque
1048 1952 1214 2029 exul,
1273 1971 1376 2012 seu
1417 1952 1608 2013 taedio
1653 1952 1956 2030 ambiguae
1999 1952 2161 2030 spei,
2207 1969 2286 2008 an

275 2047 470 2091 amore
506 2032 769 2105 coniugis
798 2038 857 2086 θῑ
886 2028 1214 2108 Ῑίὴὲῐοῐῑιω,
1249 2035 1454 2115 quibus
1485 2036 1921 2115 placabiliorem
1941 2035 2087 2092 'fore
2119 2034 2282 2109 prin-

278 2110 465 2193 cipem
504 2112 738 2171 rebatur
786 2110 939 2170 nulla
980 2112 1705 2177 soilicitudine·turbatum.
1767 2128 1896 2177 sunt
1935 2118 2028 2194 qui
2059 2114 2218 2175 alios
2251 2132 2284 2172 a

222 2222 255 2265 5
282 2214 490 2257 socero
526 2198 756 2256 nuntios
790 2195 1021 2253 venisse
1051 2194 1273 2271 ferant,
1319 2206 1605 2271 tamquam
1633 2194 1780 2257 'nihil
1815 2212 1992 2265 atrox
2019 2201 2283 2254 tramine-

272 2290 392 2349 ret;
451 2278 841 2356 doctoresque
890 2278 1234 2356 sapientiae,
1293 2276 1618 2337 Coeranum
1657 2278 1901 2354 Graeci,
1951 2278 2284 2337 Musonium

274 2364 447 2424 Tusci
495 2364 765 2439 generis,
815 2362 1189 2421 constantiam
1231 2360 1628 2443 opperiendae
1668 2364 1870 2421 mortis
1900 2378 2006 2440 pro
2047 2363 2281 2420 incerta
2390 2395 2398 2405 ·

274 2457 331 2507 et
359 2446 581 2524 trepida
611 2448 727 2509 vita
768 2447 1040 2505 suasisse.
1102 2453 1370 2523 repertus
1410 2454 1500 2504 est
1543 2455 1703 2505 certe
1741 2463 1846 2523 per
1875 2445 2122 2504 medium
2160 2444 2279 2504 diei

274 2531 455 2591 nudus
516 2529 889 2590 exercitando
946 2530 1203 2607 corpori.
1270 2530 1442 2589 talem
1482 2546 1613 2588 eum
1665 2530 1925 2588 centurio
1967 2527 2280 2604 trucidavit

208 2636 257 2677 ιο
278 2610 471 2675 coram
501 2614 798 2690 Pelagone
836 2613 1113 2692 spadone,
1148 2630 1316 2691 quem
1341 2612 1500 2672 Nero
1527 2613 1846 2672 centurioni
1875 2622 1933 2671 et
1955 2612 2275 2691 manipulo,

276 2700 435 2777 quasi
467 2698 807 2758 satellitibus
838 2698 1151 2756 ministrum
1188 2700 1446 2775 regium,
1475 2706 1924 2775 praeposuerat.
1987 2706 2162 2773 caput
2192 2698 2274 2754 in-

273 2782 500 2846 terfecti
529 2782 799 2851 relatum;
835 2783 994 2840 cuius
1022 2790 1266 2857 aspectu
1298 2782 1458 2859 (ipsa
1483 2782 1760 2859 principis
1787 2779 1966 2839 verba
1985 2780 2272 2858 referam)

274 2866 469 2941 ἐπ’,
504 2866 690 2943 'inquit
718 2865 910 2942 Nero,
947 2866 966 2894 ²
986 2861 1144 2903 ***’
1178 2874 1235 2923 et
1268 2866 1462 2943 posito
1491 2874 1644 2923 metu
1674 2866 1904 2943 nuptias
1934 2864 2275 2942 Poppaeae,

275 2948 349 3008 ob
394 2948 517 3007 eius
558 2936 710 3008 modi
754 2958 1009 3008 terrores
1052 2948 1286 3024 dilatas,
1334 2959 1618 3011 maturare
1661 2957 1824 3026 parat
1854 2936 2275 3023 Octaviamque

162 3094 166 3102 ,
207 3048 257 3089 15
277 3033 577 3109 coniugem
608 3033 843 3108 amoliri,
883 3033 1138 3109 quamvis
1166 3032 1430 3092 modeste
1463 3041 1696 3109 ageret,
1739 3034 1967 3092 nomine
1999 3033 2182 3110 patris
2215 3038 2274 3089 et

276 3116 474 3175 studiis
512 3118 712 3195 populi
742 3112 1019 3193 gravem.'
1064 3116 1168 3176 sed
1198 3116 1270 3176 ad
1301 3125 1560 3175 senatum
1580 3116 1779 3175 literas
1807 3117 1959 3175 misit
1982 3114 2055 3173 de
2084 3114 2272 3173 caede

276 3199 472 3260 Sullae
513 3200 812 3279 Plautique
857 3199 1006 3259 haud
1038 3201 1376 3277 confessus,
1421 3219 1618 3260 verum
1651 3198 2270 3278 utriusqueturbidum

272 3285 562 3359 ingenium
595 3302 748 3361 esse,
782 3293 840 3343 et
874 3284 983 3343 sibi
1012 3285 1457 3344 incolumitatem
1477 3286 1575 3343 ·rei
1607 3283 1874 3362 publicae
1896 3300 2100 3360 magna
2129 3300 2267 3341 cura

273 3364 492 3445 haberi.
526 3367 798 3427 decretae
810 3370 1135 3427 eonomine
1161 3368 1636 3446 supplicationes,
1653 3366 2007 3447 utque'Sulla
2027 3375 2085 3425 et
2100 3366 2265 3426 Plau-

201 3455 365 3505 2otus
397 3458 597 3520 senatu
626 3459 1014 3527 moverentur,
1051 3452 1418 3527 gravioribus
1452 3462 1567 3510 tum
1595 3451 1851 3511 ludibriis
1884 3468 2051 3531 quam
2079 3450 2266 3510 malis.

56 3820 417 3955 A
