2475 4000
678 229 887 276 mana
908 230 954 277 1.
991 195 1143 277 cnr]
1164 229 1406 282 55—-59.
1697 196 1708 202 ’
1948 218 2028 279 29

37 388 213 466 ilicum
255 389 316 444 in
346 387 521 462 ripam
548 385 757 442 missus
790 393 895 442 est.
974 383 1314 444 Germanico
1353 385 1597 462 pretium
1633 385 1738 444 fuit
1785 403 2026 446 conver-

36 475 165 560 {1ere
198 487 426 546 agmen,
460 476 889 546 pugnatumque
920 469 977 527 in
1007 468 1348 544 obsidentia,
1385 477 1442 528 et
1473 477 1706 546 ereptus
1741 471 2026 547 Segestes

37 561 247 629 {magna
280 569 404 611 cum
438 552 889 649 propinquorum
922 561 981 611 et
1022 552 1312 612 clientium
1357 571 1540 612 manu.
1603 553 1825 612 inerant
1867 555 2026 614 felni-

66 655 147 694 nae
176 635 434 709 nobiles,
464 635 615 694 inter
644 653 789 712 quas
824 652 969 694 uxor
992 635 1232 697 Arminii
1257 637 1576 716 eademque
1600 635 1717 696 filia
1741 629 2024 716 Segestis,

36 711 223 782 fmariti
247 720 437 795 inagis
466 736 633 796 quam
660 720 917 796 parentis
952 721 1168 795 animo,
1201 738 1392 798 neque
1425 722 1614 780 evicta
1651 722 1712 778 in
1757 720 2019 781 lacrimas
2045 743 2092 782 15

68 823 227 881 neque
258 821 409 862 voce
442 803 727 880 supplex,
766 804 1131 882 compressis
1166 803 1314 862 intra
1342 804 1524 864 sinum
1552 803 1812 863 manibus
1841 809 2027 880 gravi—

68 889 167 945 dum
208 897 435 946 uterum
481 888 723 945 intuens.
798 886 1135 946 ferebantur
1178 896 1235 947 et
1278 887 1467 964 spolia
1496 887 1780 947 Varianae
1829 888 2028 967 cladis,

66 971 335 1050 plerisque
370 988 577 1030 eorum
622 971 717 1048 qui
764 979 881 1028 tum
929 972 985 1028 in
1026 971 1377 1030 deditionem
1425 971 1736 1031 veniebant
1777 973 2030 1049 praedae

64 1054 191 1113 data:
226 1055 397 1114 simul
432 1057 719 1131 Segestes
752 1056 901 1132 ipse,
934 1055 1141 1131 ingens
1172 1057 1299 1114 visu
1329 1063 1390 1114 et
1409 1055 1684 1115 memoria
1713 1055 1902 1114 bonae
1935 1073 2026 1114 so-

66 1140 255 1198 cietatis
288 1139 615 1216 inpavidus.
2045 1154 2096 1193 2ο

160 1222 257 1282 58.
300 1222 509 1282 Verba
550 1223 674 1281 eius
714 1225 771 1280 in
829 1221 979 1283 hunc
1028 1223 1256 1281 modum
1307 1222 1504 1282 fuere.
1561 1225 1721 1281 ‘uon
1761 1221 1858 1282 hic
1893 1224 2026 1283 mihi
2125 1261 2140 1276 ‚

62 1307 247 1380 primus
280 1323 427 1382 erga
456 1306 734 1384 populum
759 1305 1074 1366 Romanum
1100 1305 1235 1364 fidei
1263 1314 1322 1364 et
1345 1307 1706 1366 ‘constantiae
1742 1307 1886 1366 dies.
1953 1327 2028 1366 ex

62 1406 151 1464 quo
178 1407 212 1448 a
244 1391 385 1450 divo
416 1389 685 1466 Aug-usto
710 1391 939 1450 civitate
961 1391 1204 1450 donatus
1226 1407 1371 1464 sum,
1404 1390 1621 1450 amicos
1647 1392 2024 1469 inimicosque

60 1491 117 1528 ex
144 1475 347 1532 vestris
370 1473 714 1532 utilitatibus
736 1453 951 1550 delegi,
986 1489 1175 1551 neque
1204 1474 1338 1534 odio
1371 1475 1590 1552 patriae
1617 1475 1864 1554 (quippe
1891 1494 2024 1553 pro·

61 1555 249 1614 ditores
290 1561 467 1616 etiam
514 1559 583 1616 iis
625 1574 769 1642 quos
811 1566 1161 1635 anteponunt
1204 1559 1368 1616 invisi
1413 1559 1606 1638 sunt),
1651 1577 1856 1618 verum
1893 1563 2024 1637 quia
2049 1577 2073 1614 5

58 1637 296 1699 Romanis
331 1638 755 1718 Germanisque
782 1642 935 1710 idem
966 1642 1294 1700 conducere
1339 1651 1399 1700 et
1443 1659 1652 1721 pacem
1693 1657 1861 1720 quam
1901 1642 2025 1701 bel-

58 1721 149 1781 lum
174 1723 515 1801 probabam.
574 1740 717 1802 ergo
749 1734 1041 1802 raptorem
1080 1725 1233 1784 [iliae
1273 1743 1471 1801 meae,
1515 1726 1858 1786 violatorem
1899 1727 2024 1786 foc-

60 1806 187 1865 deris
214 1809 425 1884 vestri,
454 1806 767 1866 Arminium
794 1809 945 1886 apud
976 1809 1219 1884 Varum,
1253 1811 1348 1887 qui
1379 1818 1496 1868 tum
1531 1811 1813 1869 exercitui
1858 1829 2024 1887 prae·
2096 1868 2104 1880 ,

60 1890 274 1967 sidebat,
306 1909 477 1950 reum
506 1891 642 1949 feci.
694 1892 899 1952 dilatus
927 1895 1173 1970 segnitia
1192 1893 1384 1968 -ducis,
1419 1893 1550 1969 quia
1578 1909 1775 1969 parum
1805 1897 2024 1969 praesi—

60 1973 115 2031 dii
140 1977 191 2033 in
219 1975 462 2053 legibus
496 1983 652 2049 erat,
694 1984 755 2034 ut
794 1992 885 2035 me
930 1987 986 2037 et
1026 1977 1337 2037 Arminium
1377 1984 1438 2035 et
1479 1976 1746 2035 conscios
1783 1977 2028 2036 vinciret
2046 1991 2094 2031 ιο

60 2057 311 2135 flagitavi:
350 2060 525 2119 testis
558 2058 657 2117 iila
688 2074 805 2117 nox
832 2062 967 2121 mihi
1008 2064 1218 2121 utinam
1251 2060 1444 2137 potius
1487 2060 1830 2141 novissima!
1875 2077 2024 2137 quae

60 2153 230 2202 secuta
258 2152 416 2217 sant,
452 2142 657 2201 defleri
686 2143 867 2218 magis
896 2162 1061 2223 quam
1091 2143 1324 2205 defen-di
1359 2152 1634 2221 possunt:
1675 2153 1930 2203 ceterum
1966 2153 2025 2203 et

56 2226 207 2286 inieci
232 2237 479 2287 catenas
509 2226 763 2284 Arminio
796 2234 857 2285 et
893 2244 925 2285 a
964 2230 1213 2288 factione
1255 2229 1376 2287 eius
1421 2228 1662 2288 iniectas
1703 2246 2022 2307 perpessus

60 2326 176 2369 sum.
248 2321 425 2389 atque
456 2309 557 2368 ubi
584 2312 821 2387 primum
852 2310 934 2367 tui
962 2314 1159 2388 copia,
1193 2319 1394 2371 vetera
1417 2314 1582 2371 novis
1607 2320 1666 2371 et
1687 2315 1878 2389 quieta
1907 2323 2050 2372 tur·-

60 2390 175 2452 bidis
206 2393 565 2468 antehabeo‚
596 2412 787 2471 neque
816 2392 893 2451 ob
928 2398 1256 2473 praemium,
1293 2396 1398 2455 sed
1431 2406 1492 2455 ut
1519 2414 1613 2457 me
1642 2396 1885 2473 perfidia
1919 2416 2020 2455 ex·
2044 2416 2093 2456 ιε)
2133 2417 2139 2425 ’

62 2477 269 2553 solvam,
306 2478 483 2537 simul
514 2478 673 2554 genti
706 2476 1115 2537 Germanorum
1144 2480 1384 2540 idoneus
1415 2479 1775 2553 conciliator,
1810 2482 1859 2537 si
1884 2497 2020 2556 pae-

62 2562 319 2621 nitentiam
368 2578 541 2640 quam
582 2562 898 2639 perniciem
938 2561 1216 2621 maluerit.
1287 2582 1393 2642 pro
1435 2566 1666 2623 iuventa
1707 2571 1764 2620 et
1818 2580 2021 2621 errore

62 2643 130 2703 lilii
154 2648 390 2705 veniam
432 2663 677 2723 precor:
722 2644 896 2705 filiam
936 2646 1282 2707 necessitate
1323 2648 1436 2707 huc
1468 2646 1770 2706 adductam
1813 2645 2020 2705 fateor.

63 2735 177 2787 tuum
218 2733 335 2789 erit
372 2728 740 2804 consultare,
793 2738 978 2788 utrum
1025 2731 1392 2807 praevaleat,
1445 2730 1620 2808 quod*
1649 2748 1724 2789 ex
1765 2728 2020 2788 Arminio

64 2816 303 2891 concepit
350 2830 425 2871 an
467 2812 622 2893 quod
676 2830 752 2871 ex
789 2830 884 2871 me
917 2814 1118 2888 genita
1163 2818 1299 2871 est?
1371 2812 1592 2883 Caesar
1625 2813 1896 2873 clementi
1925 2832 2018 2872 re·
2039 2830 2091 2870 20

63 2912 247 2972 sponso
279 2896 493 2955 liberis
522 2898 979 2974 propinquisque
1010 2897 1135 2955 eius
1163 2896 1606 2957 incolumitatem
1626 2942 1643 2971 ,
1685 2898 1800 2976 ipsi
1826 2896 2022 2955 sedem

64 2990 231 3042 vetere
260 2982 323 3039 in
356 2982 662 3059 provincia
686 2979 1016 3059 pollicetur.
1085 2982 1402 3039 exercitum
1432 2982 1656 3041 reduxit
1699 2998 2024 3057 nomenque

63 3064 401 3142 imperatoris
446 3074 683 3123 auctore
727 3063 967 3123 Tiberio
1022 3065 1269 3141 accepit.
1357 3062 1593 3124 Arminii
1645 3084 1793 3125 uxor
1841 3065 2022 3125 virilis

66 3165 201 3209 sexus
240 3151 493 3225 stirpem
530 3148 734 3207 edidit:
782 3146 1059 3209 educatus
1088 3146 1402 3211 Ravennae
1433 3166 1576 3226 puer
1606 3166 1720 3225 quo
1761 3166 1896 3209 mox
1939 3149 2021 3209 lu·

64 3230 211 3292 dibrio
246 3232 619 3292 conflictatus
654 3233 744 3309 sit,
774 3232 831 3289 in
864 3240 1127 3309 tempore
1158 3231 1510 3290 memorabo.
2038 3244 2089 3285 25

151 3318 251 3377 59.
299 3315 481 3376 Fama
526 3316 702 3375 dediti
748 3314 1115 3393 benigneque
1174 3316 1410 3391 excepti
1453 3316 1721 3396 Segestis
1763 3317 2017 3395 vulgata,

63 3408 101 3455 ut
124 3401 451 3479 quibusque
482 3400 698 3459 bellum
728 3400 919 3457 invitis
955 3408 1049 3459 aut
1076 3396 1437 3497 cupientibus
1469 3408 1627 3475 erat,
1661 3418 1766 3478 spe
1794 3402 1892 3461 vel
1921 3402 2020 3461 do

58 3478 153 3543 lore
180 3485 491 3563 accipitur.
542 3483 849 3545 Arminium
871 3498 1050 3559 super
1071 3483 1294 3541 insitam
1317 3482 1648 3546 violentiam
1669 3494 1832 3564 rapta
1853 3504 2021 3564 uxor,
2085 3508 2092 3513 ·
