2475 4000
747 180 952 228 mnan
975 183 1022 227 1.
1059 181 1206 228 cnr.
1234 181 1471 242 10—13.
1800 179 1807 188 “
2080 164 2121 225 9

147 333 494 410 Tiberioque
539 333 706 391 etiam
745 333 802 391 in
845 331 1022 390 rebus
1063 350 1206 410 quas
1248 350 1361 392 non
1404 335 1731 411 occuleret,
1774 352 1879 395 seu
1921 343 2121 394 natura

150 420 273 477 sive
303 415 702 490 adsuetudine,
747 433 1031 493 suspensa
1071 433 1303 493 semper
1352 424 1411 474 et
1456 415 1697 477 obscura
1735 419 1939 479 verba:
1970 427 2197 478 tunc1o

154 518 292 560 vero
321 500 536 572 nitenti,
571 508 632 557 ut
663 517 872 558 sensus
901 514 1040 557 suos
1071 500 1299 578 penitus
1344 498 1612 574 abderet,
1659 501 1715 557 in
1753 501 2027 562 incertum
2060 509 2120 560 et

154 583 465 666 ambiguum
495 583 674 658 magis
705 582 1162 659 implicabantur.
1225 591 1284 641 at
1311 591 1544 660 patres,
1590 580 1795 658 quibus
1826 602 1969 644 unus
1998 603 2117 644 me-

155 675 239 725 tus
261 667 308 724 si
337 659 680 740 intellegere
707 665 1060 741 viderentur,
1093 667 1150 724 in
1175 674 1411 742 questus
1440 665 1705 724 lacrimas
1730 673 1862 724 vota
1885 667 2120 737 effundi3

152 750 218 809 ad
251 749 414 823 deos,
449 748 519 808 ad
547 747 798 825 effigiem
825 748 1092 825 Augusti,
1128 748 1198 809 ad
1225 766 1416 848 genua
1440 748 1621 825 ipsius
1642 763 1841 806 manus
1863 750 2119 824 tendere,

149 851 268 891 cum
298 831 550 910 proferri
575 830 832 892 libellum
859 833 1208 910 recitarique
1237 833 1421 892 iussit.
1482 848 1629 911 opes
1676 824 1947 910 publicae
1988 847 2194 890 con-1⁶

67 975 74 985 ,
129 915 483 989 'tinebantur,
523 924 784 991 quantum
817 917 1021 976 civium
1052 919 1460 993 sociorumque
1492 916 1548 974 in
1583 917 1775 991 armis,
1806 922 1949 991 quot
1982 914 2125 973 clas-

143 1017 259 1073 ses,
291 1015 495 1074 regna,
533 1000 884 1075 provinciae,
915 999 1126 1060 tributa
1153 1009 1252 1059 aut
1275 999 1583 1076 vectigalia
1602 1043 1617 1074 ,
1658 1007 1719 1059 et
1744 998 2164 1057 necessitates

144 1099 208 1140 ac
233 1081 591 1158 largitiones.
613 1114 622 1131 ι
651 1100 798 1160 quae
822 1092 1026 1141 cuncta
1045 1099 1162 1141 sua
1190 1101 1358 1141 manu
1384 1083 1813 1162 perscripserat
1835 1080 2129 1158 Augustus

143 1165 552 1243 addideratque
586 1165 884 1226 consilium
920 1165 1229 1236 coercendi
1262 1167 1405 1226 intra
1431 1165 1703 1224 terminos
1744 1165 2001 1243 imperii,
2046 1165 2125 1223 in-

143 1257 362 1308 certum
389 1257 542 1309 metu
567 1265 642 1306 au
673 1266 779 1326 per
805 1249 1091 1308 invidiam.
2142 1249 2199 1290 ²⁰

272 1329 571 1390 12.1nter
601 1348 750 1408 quae
793 1340 994 1391 senatu
1031 1333 1102 1393 ad
1141 1332 1361 1391 infimas
1399 1333 1817 1393 obtestationes
1860 1348 2123 1410 procum·

143 1413 344 1488 bente,
378 1413 515 1473 dixit
545 1413 698 1472 forte
728 1414 994 1474 Tiberius
1025 1434 1092 1476 se
1123 1426 1184 1474 ut
1215 1433 1329 1474 non
1358 1417 1461 1475 toti
1490 1418 1576 1476 rei
1607 1416 1875 1494 publicae
1898 1434 2121 1494 parem,

145 1497 222 1555 ita
253 1511 649 1574 quaecumque
683 1515 816 1574 pars
846 1497 954 1556 sibi
983 1499 1374 1574 mandaretur,
1404 1501 1527 1558 eius
1565 1501 1797 1560 tutelam
1823 1509 2120 1577 susceptu-

140 1599 285 1638 rum.
347 1588 458 1639 tum
487 1579 718 1640 Asinius
749 1580 994 1642 Gallus
1009 1585 1339 1659 iuterrogo’
1376 1584 1585 1660 inquit,
1628 1581 1913 1659 ‘Caesar‚
1956 1599 2121 1658 quam
2174 1631 2183 1634 .

138 1672 366 1760 partem
395 1664 480 1721 rei
507 1661 774 1740 publicae
803 1666 1052 1724 mandari
1085 1665 1183 1722 tibi
1213 1665 1419 1725 velis'.
1483 1667 1787 1744 perculsus
1826 1667 2115 1746 inprovisa
2137 1686 2165 1726 ⁵

136 1746 592 1822 interrogatione
621 1747 848 1824 paulum
880 1748 1142 1807 reticuit.
1191 1747 1324 1807 dein
1366 1747 1619 1806 collecto
1664 1750 1849 1807 animo
1878 1766 2119 1824 respon-

136 1829 214 1888 dit
237 1847 600 1930 nequaquam
636 1831 908 1890 decorum
938 1830 1144 1908 pudori
1172 1847 1282 1888 suo
1312 1830 1515 1906 legere
1548 1830 1759 1906 aliquid
1786 1839 1880 1886 aut
1904 1833 2121 1888 evitare

136 1931 210 1972 ex
239 1921 336 1987 eo',
377 1915 468 1972 cui
500 1915 556 1972 iu
584 1915 914 1972 universum
943 1915 1210 1972 excusari
1234 1912 1448 1970 mallet.
1500 1927 1723 1968 rursum
1749 1907 1944 1968 Gallus
1969 1911 2121 1985 (ete-

133 1998 246 2056 nim
275 1995 433 2055 vultu
471 1998 850 2057 offensionem
881 1995 1339 2072 coniectaverat)
1378 2011 1493 2053 non
1538 1992 1757 2052 idcirco
1804 1991 2121 2067 interroga·

135 2088 246 2137 tum
277 2080 378 2151 ait,
410 2087 472 2135 ut
501 2078 784 2140 divideret
815 2098 964 2158 quae
995 2080 1253 2155 separari
1284 2078 1605 2155 nequirent,
1642 2076 1747 2136 sed
1772 2085 1831 2135 et
1856 2093 1957 2135 sua
1986 2092 2117 2135 cou-
2142 2094 2197 2135 ιο

132 2161 396 2219 sessione
429 2171 798 2237 argueretur,
843 2181 1012 2220 unum
1057 2180 1190 2220 esse
1233 2163 1323 2222 rei
1370 2160 1638 2239 publicae
1678 2177 1893 2238 corpus
1933 2169 2121 2238 ‘atquc

133 2242 306 2299 unius
333 2239 518 2297 animo
549 2244 882 2315 regendum.
941 2244 1154 2301 addidit
1175 2244 1401 2303 laudem
1426 2244 1497 2303 de
1521 2244 1785 2319 Augusto
1808 2243 2121 2303 Tiberium-

133 2342 250 2402 que
299 2322 490 2399 ipsum
511 2322 874 2383 victoriarum
906 2341 1131 2383 suarum
1161 2342 1425 2402 quaeque
1455 2328 1511 2384 in
1538 2335 1675 2401 toga
1703 2342 1810 2403 per
1830 2335 1915 2385 tot
1942 2343 2121 2385 annos
2210 2379 2220 2387 .

135 2405 383 2483 egregie
415 2403 660 2463 fecisset
688 2406 994 2467 admonuit.
1049 2426 1160 2467 nec
1189 2407 1323 2467 ideo
1346 2410 1487 2469 iram
1510 2410 1634 2467 eius
1657 2408 1876 2483 lenivit,
1903 2409 2122 2486 pridem

133 2491 390 2564 invisus,
432 2496 713 2563 tamquam
743 2488 910 2551 ducta
953 2494 1011 2551 in
1042 2492 1451 2551 matrimonium
1482 2491 1759 2568 Vipsania
1795 2490 1881 2571 M,
1905 2490 2115 2568 Agrip·
2139 2506 2192 2545 15
2292 2504 2300 2507 -

136 2592 248 2651 pae
289 2572 426 2645 fllia,
461 2587 609 2647 quae
641 2572 919 2648 quondam
948 2572 1164 2634 Tiberii
1193 2593 1341 2635 uxor
1368 2575 1589 2649 fuerat,
1627 2574 1757 2652 plus
1791 2590 1955 2651 quam
1985 2575 2119 2633 civi-

136 2658 210 2716 lia
239 2655 490 2732 agitaret
519 2654 910 2733 Pollionisque
937 2657 1121 2717 Asinii
1153 2660 1331 2737 patris
1362 2658 1639 2718 ferociam
1668 2658 1963 2717 retineret.

265 2738 364 2799 13.
409 2739 550 2798 Post
597 2751 748 2815 quae
787 2738 850 2799 L.
884 2740 1184 2801 Arruntius
1229 2742 1381 2803 haud
1420 2741 1653 2800 multum
1701 2742 2040 2819 discrepans
2088 2758 2121 2801 a

138 2822 285 2883 Galli
317 2823 579 2881 oratione
611 2823 852 2900 perinde
888 2823 1158 2899 offendit,
1192 2842 1533 2904 quamquam
1563 2824 1795 2887 Tiberio
1826 2825 1983 2886 nulla
2018 2843 2119 2883 ve·

137 2916 226 2967 tus
253 2907 314 2965 iu
341 2905 666 2965 Arruntium
699 2908 814 2965 ira.
847 2907 951 2966 sed
986 2907 1247 2987 divitem,
1296 2918 1651 2987 promptum,
1694 2908 1917 2969 artibus
1937 2926 2118 2985 egre-

138 2990 247 3065 giis
277 2998 338 3048 et
369 2992 491 3066 pari
521 2989 669 3051 fama
700 2989 955 3067 publice,
992 2992 1381 3068 suspectabat.
1435 2994 1649 3070 quippe
1688 2992 1985 3069 Augustus
2026 3009 2118 3050 su-

143 3073 354 3149 premis
387 3073 742 3133 sermonibus
775 3092 902 3133 cum
935 3082 1243 3151 tractaret,
1277 3077 1499 3153 quinam
1528 3076 1768 3154 adipisci
1797 3077 2117 3154 principem
2137 3086 2165 3127 5

141 3156 332 3217 locum
363 3156 654 3217 suffecturi
685 3156 1002 3218 abnuerent
1031 3166 1126 3217 aut
1152 3159 1383 3237 inpares
1414 3159 1635 3218 vellent
1675 3156 1771 3219 ve‘l
1800 3159 1952 3219 idem
1984 3175 2119 3237 pos—

143 3249 268 3299 sent
297 3250 721 3319 cuperentque,
763 3241 858 3301 Μ’.
893 3241 1170 3320 Lepidum
1199 3243 1423 3302 dixerat
1463 3260 1735 3320 capacem
1776 3242 1881 3302 sed
1922 3238 2143 3320 asper-'

143 3332 402 3397 nantem,
433 3323 654 3384 Gallum
683 3325 940 3386 Asinium
973 3326 1196 3387 avidum
1246 3335 1303 3385 et
1342 3326 1649 3401 minorem,
1698 3326 1759 3387 L.
1794 3326 2119 3386 Arruntium

143 3424 254 3467 non
288 3408 577 3483 indignum
607 3418 698 3485 et,
757 3411 805 3468 si
852 3428 1018 3469 casus
1059 3410 1321 3486 daretur,
1374 3426 1655 3470 ausurum.
1714 3410 1787 3471 de
1833 3408 2119 3489 prioribus
