2475 4000
689 217 899 264 menn
937 169 1034 264 xl.
1076 217 1226 266 cnr.
1266 215 1529 270 33—37.
1620 261 1632 300 ἱ.
1806 223 1815 228 ·
2007 205 2134 284 195,

141 367 552 450 Calpurnianus
591 372 826 448 vigilum
867 371 1228 450 praefectae,
1280 372 1575 450 Sulpicius
1609 373 1792 434 Rufus
1828 371 1945 433 ludi
1991 391 2122 453 pro-

139 464 388 532 curator,
417 457 628 516 Iuncus
658 455 1030 533 Vergilianus
1059 466 1295 517 senator
1323 454 1525 516 eadem
1553 474 1745 535 poena
1778 456 2011 518 adfecti.

253 539 352 600 36.
401 541 575 601 Solus
615 541 874 601 Mnester
917 542 1335 600 cunctationem
1382 539 1597 618 attulit,
1644 540 1915 600 dilaniata
1955 542 2122 603 -veste

139 620 428 684 clamitans
471 626 762 704 aspiceret
806 623 1113 683 verberum
1164 633 1363 700 notas,
1428 625 1894 687 reminisceretur
1937 627 2119 703 vocis,

137 721 240 782 qua
273 721 340 766 se
378 709 690 770 obnoxium
721 705 892 768 iussis
919 707 1270 768 Messalinae
1311 707 1599 768 dedisset:
1645 707 1773 767 aliis
1814 708 2120 785 largitione

135 798 226 848 aut
257 793 384 869 spei
425 789 844 870 magnitudine,
887 793 998 850 sibi
1035 811 1110 852 ex
1151 794 1501 852 necessitate
1544 792 1803 871 culpam;
1848 809 1961 850 nec
2006 795 2119 852 cui-

136 886 456 950 quamante
490 875 842 956 pereundum
871 876 1068 953 fuisse,
1100 878 1147 935 si
1179 877 1353 937 Silius
1377 893 1567 936 rerum
1596 883 1916 954 poteretur.
1962 893 2113 935 com·
2140 897 2165 936 ⁵

133 966 339 1018 motum
373 961 465 1021 his
495 970 553 1020 et
580 978 823 1040 pronum
853 960 926 1020 ad
967 961 1415 1022 misericordiam
1449 958 1763 1020 Caesarem
1810 957 2120 1038 perpulere

132 1039 352 1120 liberti,
395 1065 474 1106 ne
504 1054 589 1104 tot
618 1043 948 1104 inlustribus
977 1046 1116 1104 viris
1147 1045 1467 1108 interfectis
1494 1044 1760 1104 histrioni
1790 1041 2119 1103 consuler-e-

131 1132 250 1185 tur:
280 1139 496 1206 sponte
527 1147 598 1188 an
627 1137 862 1189 coactus
889 1138 1243 1206 tampmagna
1276 1129 1676 1209 peccavisset,
1706 1127 1846 1187 nihil
1875 1127 2118 1187 referre.

131 1225 200 1266 ne
241 1209 433 1272 Trauli
487 1211 712 1292 quidem
753 1213 1006 1273 Montani
1050 1214 1257 1290 equitis
1297 1214 1538 1274 Romani
1581 1210 1843 1272 defensio
1875 1219 2119 1288 recepta

133 1300 234 1351 est.
290 1296 340 1354 is
380 1297 646 1357 modesta
689 1298 951 1373 iuventa,
997 1296 1103 1356 sed
1141 1314 1395 1376 corpore
1432 1296 1672 1373 insigni,
1717 1296 1936 1355 accitus
1968 1293 2117 1353 ultro
2142 1309 2187 1349 ιο

129 1386 472 1460 noctemque
517 1384 662 1440 intra
695 1398 859 1440 unam
893 1398 925 1440 a
953 1377 1263 1450 Messalina
1292 1379 1660 1460 proturbatus
1694 1388 1846 1455 erat,
1884 1377 2119 1457 parib-us

129 1457 384 1524 lasciviis
413 1465 487 1526 ad
522 1462 844 1544 cupidinem
875 1472 932 1523 et
960 1463 1206 1526 fastidia.
1276 1463 1477 1525 Suillio
1510 1462 1836 1524 Caesonino
1871 1471 1927 1522 et
1955 1462 2117 1524 Plau·
2217 1465 2233 1472 ‘

130 1544 207 1602 tio
236 1545 522 1610 Laterano
552 1565 708 1608 mors
737 1549 1070 1625 remittitur,
1113 1548 1245 1609 huie
1292 1549 1367 1609 ob
1401 1550 1587 1629 patrui
1618 1549 1921 1625 egregium
1936 1549 2117 1606 *meri-

129 1633 270 1690 tum:
306 1630 667 1694 Gaesonnius
703 1633 855 1691 vitiis
883 1641 1181 1711 protectus
1214 1643 1335 1712 est,
1367 1643 1651 1712 tamquam
1680 1634 1737 1692 in
1768 1630 1873 1691 illo
1903 1630 2115 1691 foedis-

129 1711 268 1773 simo
295 1727 474 1778 coetu
501 1735 708 1798 passus
737 1712 1049 1777 muliebria.
2137 1727 2184 1768 1⁵

247 1797 346 1860 37.
386 1801 618 1862 Interim
656 1801 967 1863 Messalina
1008 1800 1357 1860 Lucullianis
1396 1802 1455 1859 in
1494 1801 1678 1860 hortis
1708 1799 2000 1878 prolatare
2032 1798 2112 1857 vi·
2170 1833 2182 1846 κ

126 1884 269 1956 tam,
301 1901 653 1966 componere
688 1904 928 1966 preces,
961 1885 1234 1945 nonnulla
1276 1902 1383 1961 spe
1416 1893 1475 1942 et
1504 1882 1807 1960 aliquando
1838 1883 1951 1940 ira:
1996 1889 2113 1939 tan—

127 1969 239 2025 tum
279 1968 430 2030 inter
471 1981 728 2031 extrema
771 1968 1078 2049 superbiae
1127 1967 1392 2046 gerebat.
1476 1983 1545 2025 ac
1596 1967 1652 2024 ni
1700 1964 1937 2024 caedem
1994 1965 2115 2023 eius

122 2045 432 2113 Narcissus
475 2056 941 2134 properavisset,
980 2060 1235 2112 verterat
1274 2050 1569 2130 pernicies
1608 2050 1666 2107 in
1696 2054 2111 2107 accusatorem.

123 2147 253 2190 nam
287 2132 558 2215 Claudius
606 2138 828 2198 domum
868 2154 1177 2213 regressus
1225 2143 1283 2193 et
1324 2133 1686 2213 tempestivis
1726 2130 1915 2211 epulis
1954 2129 2110 2203 dele·
2133 2153 2157 2191 5

49 2249 56 2259 -
121 2214 304 2291 nitus,
353 2217 452 2279 nbi
477 2224 614 2280 vino
655 2221 920 2295 incaluit,
970 2220 1044 2279 iri
1087 2219 1246 2278 iubet
1284 2214 1643 2295 nuntiarique
1686 2218 1933 2275 miserae
1968 2212 2113 2293 (hoc

123 2298 271 2355 enim
315 2302 500 2364 verbo
546 2322 703 2364 usum
741 2301 976 2379 ferunt)
1021 2300 1321 2362 dicendam
1370 2301 1440 2361 ad
1482 2318 1709 2362 causam
1747 2309 1989 2380 postero
2020 2298 2113 2358 die

122 2379 376 2443 adesset.
440 2387 593 2465 quod
634 2386 729 2447 ubi
771 2386 1018 2447 auditum
1053 2396 1112 2445 et
1152 2386 1534 2463 languescere
1564 2386 1683 2462 ira,
1726 2384 1920 2455 redire
1955 2400 2114 2443 amor

120 2482 209 2543 ac,
239 2468 290 2527 si
325 2480 757 2548 cunctarentur,
792 2471 1114 2551 propinqua
1155 2488 1275 2529 nox
1310 2479 1367 2529 et
1395 2471 1583 2531 uxorii
1616 2467 1861 2528 cubiculi
1901 2483 2111 2527 memo-

121 2552 201 2609 ria
247 2552 622 2633 timebantur,
677 2557 993 2635 prorumpit
1032 2556 1341 2615 Narcissus
1378 2554 1785 2631 denuntiatque
1828 2550 2111 2610 centurio·
2137 2571 2184 2611 ιο

122 2634 285 2696 nibus
310 2648 369 2698 et
394 2640 645 2717 tribuno,
673 2642 773 2718 qui'
793 2638 1011 2717 aderat,
1043 2640 1283 2717 exsequi
1308 2638 1575 2698 caedem:
1605 2638 1683 2697 ita
1707 2637 2114 2715 imperatorem

129 2717 346 2783 iubere.
427 2733 622 2786 custos
671 2733 728 2783 et
781 2732 1021 2783 exactor
1065 2742 1100 2783 e
1147 2722 1371 2782 libertis
1409 2721 1646 2782 Euodus
1695 2718 1874 2780 datur.
1946 2720 2113 2797 isque

125 2806 326 2882 raptim
358 2808 416 2868 in
443 2808 649 2869 hortos
678 2825 1061 2887 praegressus
1089 2808 1353 2886 repperit
1378 2806 1561 2867 fusam
1592 2804 1771 2881 humi,
1818 2801 2113 2866 adsidente

126 2896 302 2950 matre
330 2890 568 2973 Lepida,
608 2911 754 2971 quae
786 2890 1011 2952 florenti
1040 2891 1193 2951 filiae
1225 2890 1375 2951 haud
1400 2906 1649 2951 concor-s
1678 2888 1963 2967 supremis
1988 2886 2113 2945 eius

126 2976 564 3039 necessitatibus
611 2977 682 3037 ad
726 2976 1153 3035 miserationem
1201 2976 1389 3036 evicta
1430 2983 1555 3035 erat
1600 2972 1993 3048 suadebatque
2039 2986 2111 3031 ne
2134 2986 2185 3027 ιε

128 3068 530 3128 percussorem
566 3061 972 3141 opperiretur:
1019 3059 1299 3119 transisse
1333 3060 1505 3119 vitam
1534 3075 1723 3136 neque
1756 3054 1909 3115 aliud
1946 3069 2112 3131 quam

127 3145 288 3202 morti
318 3146 496 3207 decus
528 3144 936 3225 quaerendum.
997 3143 1100 3203 sed
1143 3143 1329 3207 animo
1370 3162 1477 3222 per
1519 3141 1788 3201 libidines
1835 3144 2113 3216 corrupto

129 3221 258 3285 nihil
305 3229 606 3291 honestum
651 3231 864 3299 inerat;
916 3228 1303 3305 lacrimaeque
1346 3235 1404 3285 et
1446 3235 1687 3304 questus
1739 3224 1890 3284 inriti
1942 3220 2113 3281 duce-

127 3300 350 3393 bantur,
403 3333 532 3376 cum
572 3316 786 3396 impetu
827 3313 1174 3372 venientium
1208 3309 1411 3390 pulsae
1454 3310 1617 3369 fores
1656 3308 1984 3386 adstititque
2014 3306 2112 3367 tri-

127 3384 302 3455 bunus
333 3418 442 3479 per
470 3399 777 3478 silentium,
811 3406 866 3459 at
895 3397 1148 3482 libertus¹
1169 3397 1476 3475 increpans
1498 3393 1691 3454 multis
1714 3401 1772 3453 et
1803 3387 2108 3456 servilibus
2130 3404 2183 3447 20

125 3477 369 3549 probris'.

1560 3634 1567 3653 ἱ
1646 3562 1721 3624 13
1734 3563 1766 3597 *
