2475 4000
322 184 450 246 252
856 188 1187 244 commun
1210 187 1446 241 ‘mom
1466 186 1833 234 munuum

328 350 700 426 octingentos
742 355 800 417 et
838 345 1219 444 quadraginta
1267 348 1396 402 an‘te
1439 349 1622 403 annos
1663 341 1824 403 Remi
1865 340 2232 420 Romulique
2267 343 2368 401 in-

326 434 565 494 fantiam
589 438 845 508 texerat,
874 431 1113 492 mortuis
1141 426 1453 488 ramalibus
1484 434 1542 485 et
1572 434 1877 487 arescente
1907 434 2118 486 trunco
2159 426 2368 486 demi-

329 525 519 577 nutam
562 516 813 596 prodigii
854 515 989 574 loco
1033 511 1285 574 habitum
1315 519 1438 586 est,
1472 509 1708 570 donec
1691 528 1748 569 in
1775 526 1968 576 novos
1991 510 2153 570 fetus
2187 511 2364 570 revi-

278 627 305 668 5
330 610 621 661 vesceret.

726 1051 1394 1153 CORNELII
1455 1053 1920 1163 TAOITI

816 1225 909 1288 AB
960 1221 1263 1289 EXGESSU
1313 1222 1486 1288 DIVI*
1511 1222 1810 1289 AUGUSTI

608 1381 2028 1484 ANNALIUM

944 1571 1611 1662 ,1.1ΒΕ11Χ11.
1913 1588 1920 1595 ’

320 1883 743 1943 BREVIARIUM.
802 1891 923 1957 Cap.
954 1891 1001 1942 1.
1064 1889 1209 1942 Nero·
1238 1883 1414 1942 matris
1458 1893 1663 1942 caedem
1710 1893 1868 1958 agitat
1915 1891 2160 1940 incitante
2197 1892 2333 1957 Pop-

388 1975 535 2029 paea.
598 1962 647 2011 2.
678 1961 965 2027 Agrippina
990 1961 1236 2013 incestum
1268 1969 1450 2022 tentat>3
1485 1977 1548 2011 an
1581 1962 1714 2012 Nero
1735 1961 1964 2027 potius?
1991 1958 2041 2011 3.
2071 1960 2152 2009 De
2174 1961 2333 2011 caede

388 2032 567 2081 matris
606 2030 848 2081 deliberat
876 2030 921 2080 N
924 2046 1030 2081 ero
1085 2032 1284 2081 Aniceti
1319 2032 1602 2083 consilinm.
1646 2032 1696 2081 4.
1737 2031 2053 2095 Agrippinae
2084 2046 2205 2079 cum
2227 2030 2334 2081 Ne-

390 2115 516 2151 rone
556 2100 719 2149 scelus
758 2100 950 2149 celante
993 2102 1298 2155 convivium.
1373 2100 1426 2150 5.
1462 2101 1588 2151 Mari
1622 2098 1902 2165 mergenda
1935 2114 2090 2165 aegre
2139 2100 2328 2149 evadit.

391 2168 671 2217 Acerronia
703 2169 857 2218 remis
900 2168 1175 2220 conficitur.
1245 2169 1295 2221 6.
1334 2171 1622 2237 Agrippina
1655 2168 1954 2219 dissimulat.
2014 2168 2066 2220 7.
2095 2167 2149 2218 8.
2191 2168 2330 2217 Nero

392 2235 637 2299 trepidat,
673 2250 785 2285 cum
819 2236 979 2287 Burro
1011 2244 1059 2288 et
1102 2237 1294 2299 Seneca
1319 2232 1574 2289 deliberat.
1627 2237 1870 2287 Anicetus
1901 2236 2107 2285 caedem
2133 2236 2330 2302 Agrip-

390 2304 557 2369 pinae
580 2306 790 2386 suscipit
834 2314 882 2355 et
921 2312 1195 2372 perpetrat.
1265 2307 1316 2358 9.
1360 2307 1674 2388 Agrippinae
1712 2304 1838 2356 viles
1880 2304 2174 2369 exsequiae.
2238 2304 2322 2354 1⁰.

392 2373 526 2423 Nero
554 2375 865 2424 conscientia
884 2389 1094 2424 vaecors
1124 2377 1413 2425 adulatione
1439 2377 1664 2441 erigitur.
1737 2374 1820 2424 11.
1857 2374 2042 2425 Literis
2077 2374 2145 2424 ad
2173 2387 2344 2431 sena-,

390 2450 500 2493 tum
528 2449 739 2492 matrem
770 2446 919 2493 etiam
948 2451 1064 2509 post
1096 2443 1201 2494 fata
1226 2446 1531 2495 criminatur.
1597 2445 1678 2495 12.
1716 2442 1932 2494 Senatus
1955 2444 2167 2508 turpiter
2191 2442 2320 2491 adu-

392 2511 543 2560 latur.
602 2510 825 2561 Thrasea
858 2512 1042 2562 Paetus
1075 2512 1240 2564 virum
1267 2530 1322 2563 se
1347 2520 1589 2579 praestat.
1641 2513 1774 2563 Nero
1805 2514 1926 2561 mite
1952 2512 2212 2577 ingenium
2235 2509 2321 2559 af·-

390 2579 562 2638 fectat.
623 2579 706 2632 13.
741 2580 924 2631 Urbem
952 2582 1107 2631 intrat
1131 2583 1349 2642 anxius3
1397 2582 1666 2633 blanditias
1697 2589 1938 2647 expertus
1975 2582 2030 2631 in
2060 2595 2229 2631 omnes
2255 2578 2322 2627 li-

282 2678 287 2693 .
388 2647 589 2698 bidines
620 2664 677 2699 se
704 2648 931 2700 effundit.
1001 2650 1081 2700 14.
1116 2650 1474 2710 CitharoeduS,
1507 2652 1710 2717 auriga,
1744 2649 1938 2700 nobiles
1963 2650 2029 2699 ad
2055 2650 2196 2715 paria
2225 2647 2324 2697 fla-

392 2716 519 2783 gitia
548 2718 723 2783 adigit.
785 2719 867 2769 15.
902 2720 1173 2772 Iuvenalia.
1232 2720 1366 2770 Nero
1393 2720 1446 2767 in
1474 2734 1672 2769 scaena.
1726 2719 2074 2784 Augustianos
2099 2718 2324 2767 conscri-

389 2786 483 2835 bit.
559 2786 641 2838 16.
688 2787 921 2858 Carmina
961 2790 1155 2853 pangit.
1230 2788 1568 2853 Philosophus
1605 2790 1754 2839 ridet.
1817 2788 1900 2839 17.
1961 2787 2155 2839 Caedes
2195 2788 2328 2835 inter

391 2854 672 2905 Nucerinos
695 2864 744 2904 et
764 2844 1121 2922 Pompeianos
1126 2856 1388 2907 occasione
1413 2857 1701 2922 gladiatorii
1723 2855 2012 2923 spectaculi.
2067 2855 2152 2906 18.
2177 2855 2326 2904 Blae·

392 2938 481 2973 sus
513 2923 797 2977 damnatur.
856 2923 1033 2973 Strabo
1064 2926 1352 2977 absolvitur.
1414 2925 1496 2977 19.
1543 2926 1678 2977 Mors
1702 2925 1908 2981 Domitii
1939 2924 2076 2984 Afri,
2102 2924 2172 2975 M.
2209 2922 2327 2974 Ser-

388 2992 517 3042 vilii.
580 2992 664 3043 20.
702 2991 1081 3057 Quinquennale
1120 2994 1368 3045 ludicrum
1407 2995 1612 3045 Romae.
1690 2994 1846 3045 Varia
1891 2993 1956 3043 de
1989 2962 2147 3043 ludis
2158 2992 2325 3050 famen

289 3090 295 3097 ·
391 3075 565 3110 eorum
594 3061 863 3125 vituperia,
898 3060 981 3110 21.
1014 3061 1191 3113 laudes
1224 3072 1273 3113 et
1303 3064 1576 3118 excusatio.
1637 3064 1768 3114 Nero
1801 3062 2117 3127 eloquentiae
2141 3063 2322 3111 victor·

389 3130 475 3178 22.
520 3129 773 3179 Por-tentis
810 3137 1087 3179 commotus
1126 3132 1412 3182 Rubellium
1453 3134 1505 3182 in
1542 3134 1748 3185 exilium
1780 3133 1901 3201 agit.
1968 3130 2053 3181 23.
2103 3129 2324 3180 Corbulo

391 3198 681 3248 Mardorum
720 3197 981 3247 latrocinia
1015 3202 1179 3279 punit.
1244 3202 1330 3254 24.
1369 3201 1726 3263 Percussorem
1769 3203 1918 3260 vitat;
1957 3200 2324 3265 Tigranocerta

392 3267 543 3332 capit.
606 3266 690 3315 25.
728 3264 1025 3329 Hyrcanos
1012 3283 1065 3317 m
1094 3270 1384 3319 societatem
1407 3271 1601 3336 recipit.
1672 3271 1755 3323 26.
1794 3270 2052 3319 Tiridaten
2087 3276 2228 3318 arcet
2260 3267 2322 3315 ab

391 3322 651 3397 Armenia,
686 3348 835 3397 quam
857 3335 1009 3384 tradit
1028 3336 1255 3403 Tigrani.
1309 3338 1485 3403 Syriae
1509 3340 1812 3404 praeficitur.
1869 3338 1953 3387 27.
1983 3336 2199 3396 Puteoli,
2224 3336 2300 3385 Ta

338 3430 346 3437 -
388 3410 607 3464 rentum,
635 3403 842 3452 Antium
866 3404 1107 3454 coloniae.
1160 3406 1246 3458 28.
1281 3406 1490 3459 Comitia
1513 3409 1781 3472 praetoria.
1829 3406 2006 3456 Vibius
2031 3406 2319 3455 damnatus.

390 3468 475 3519 29.
509 3470 687 3521 Clades
718 3471 1023 3565 Britannica.
1078 3474 1348 3525 Suetonius
1378 3475 1580 3525 Monam
1608 3476 1816 3527 invadit.
1875 3474 1959 3526 30.
1997 3474 2198 3525 Incolas
2229 3473 2321 3523 do·-
