2475 4000
1642 75 1653 104 0

285 219 435 282 150*
561 236 567 252 ¹
595 191 603 212 ⁸
872 227 1201 275 corinun
1230 227 1858 275 TACITIJANNALIUM

232 406 258 445 5
280 383 576 446 admodum
604 381 859 459 receptis
883 390 941 443 et
971 380 1161 442 addito
1188 401 1262 440 ne
1288 381 1556 441 caelestis
1580 381 1794 459 religio
1819 381 2270 440 decerneretur:

260 471 364 532 ‚sic
395 469 581 544 ipsam
612 463 899 524 maluisse.
1000 468 1095 524 uin
1115 475 1172 525 et
1198 474 1362 546 parte
1395 465 1648 525 eiusdem
1673 465 1956 544 epistulae
1981 465 2277 542 increpuit

276 552 551 614 amicitias
592 547 932 625 muliebreS,
960 484 1193 608 (bustum
1238 549 1534 608 consulem
1567 549 1805 626 oblique
1847 549 2273 628 perstringens.

276 638 326 695 is
355 635 541 713 gratia
558 632 858 708 Augustae
886 633 1183 708 floruerat,
1216 643 1384 712 aptus
1413 633 1754 692 adliciendis
1782 633 2116 693 feminarum
2147 633 2272 690 ani-

274 722 417 794 mis,
462 718 631 776 dicax
658 715 806 774 idem
838 725 896 776 et
927 715 1215 776 Tiberium
1247 715 1475 776 acerbis
1503 717 1730 777 facetiis
1755 716 2004 776 inridere
2037 713 2270 791 solitus,

207 826 259 867 10
279 819 514 883 quarum
544 799 693 879 apud
725 809 1137 878 praepotentes
1168 800 1225 859 in
1254 799 1488 876 longum
1517 801 1790 861 memoria
1823 809 1929 859 est.

395 885 452 946 3.
500 882 767 943 Ceterum
803 901 879 942 ex
913 893 986 942 eo'
1019 892 1329 963 praerupta
1375 884 1485 942 iam
1526 893 1584 943 et
1623 901 1880 961 urguens
1921 882 2266 949 dominatio;

269 987 399 1029 nam
440 967 711 1028 incolumi
752 965 1014 1043 Augusta
1056 975 1181 1026 erat
1220 966 1408 1026 adhuc
1453 963 1806 1046 perfugium,
1855 968 1987 1047 quia
2026 964 2268 1024 Tiberio

271 1054 649 1112 inveteratum
694 1067 835 1127 erga
878 1060 1114 1111 matrem
1155 1050 1523 1130 obsequium,
1571 1070 1759 1129 neque
1806 1052 2045 1110 Seianus
2091 1048 2268 1108 aude-

273 1137 371 1196 bat
398 1136 720 1196 auctoritati
751 1137 1005 1214 parentis
1036 1136 1250 1195 antire:
1288 1144 1420 1194 tunc
1449 1135 1605 1194 velut
1635 1135 1817 1194 frenis
1848 1132 2097 1194 exsoluti
2126 1149 2266 1211 pro-

230 1246 255 1284 5
273 1227 569 1298 ruperunt,
599 1219 924 1296 missaeque
961 1221 1016 1278 in
1038 1219 1420 1299 Agrippinam
1450 1237 1519 1278 ac
1541 1217 1832 1278 Neronem
1857 1219 2082 1305 literae,
2119 1209 2270 1294 q‘uas

274 1303 495 1384 pridem
523 1301 743 1362 adlatas
772 1311 831 1361 et
866 1302 1147 1363 cohibitas
1180 1302 1250 1362 ab
1276 1302 1537 1380 Augusta
1571 1302 1811 1362 credidit
1841 1301 2080 1378 vulgus3
2113 1299 2266 1360 haud

272 1389 422 1446 euim
458 1385 634 1444 multo
679 1395 813 1464 post
852 1395 1093 1445 mortem
1136 1388 1259 1445 eius
1300 1389 1578 1446 recitatae
1619 1395 1768 1445 sunt.
1830 1384 2010 1444 verba
2040 1385 2263 1443 inerant

274 1469 533 1549 quaesita
561 1469 905 1546 asperitate:
954 1469 1057 1528 sed
1090 1487 1205 1528 non
1235 1487 1420 1546 arma,
1463 1486 1579 1528 non
1609 1487 1800 1529 rerum
1834 1485 2110 1528 novarum
2145 1475 2261 1525 stu-

271 1552 440 1629 dium,
474 1566 701 1610 amores
741 1553 1006 1612 iuvenum
1041 1561 1097 1610 et
1126 1553 1518 1631 inpudicitiam
1553 1555 1754 1633 nepoti
1795 1550 2142 1612 obiectabat.
2207 1552 2265 1608 in

204 1661 253 1702 10
270 1654 471 1696 nurum
513 1653 584 1695 ue
630 1632 685 1693 id
731 1635 958 1713 quidem
989 1635 1324 1713 confingere
1367 1655 1570 1714 ausus,
1618 1637 2014 1714 adrogantiam
2048 1636 2168 1694 oris
2205 1644 2266 1693 et

270 1728 667 1779 contumacem
695 1721 937 1780 animum
965 1721 1274 1796 incusavit,
1306 1738 1514 1797 magno
1546 1729 1780 1782 senatus
1813 1738 2034 1800 pavore
2069 1737 2140 1778 ac
2187 1721 2262 1777 si-

269 1803 482 1878 lentio,
528 1801 714 1862 donec
745 1805 946 1882 pauci,
993 1805 1120 1882 quis
1156 1803 1310 1863 nulla
1343 1821 1417 1864 ex
1446 1804 1692 1864 honesto
1735 1822 1875 1884 spes
1907 1802 2262 1883 (etgpublica

269 1886 416 1946 mala
445 1885 689 1963 singulis
716 1888 772 1946 in
802 1889 1173 1947 occasionem
1205 1890 1428 1964 gratiae
1458 1887 1810 1967 trahuntur),
1852 1895 1913 1947 ut
1939 1888 2262 1946 referretur

269 1970 671 2051 postulavere,
694 1973 1150 2052 ‘promptissimo
1189 1970 1358 2033 Cotta
1386 1972 1700 2035 Messalino
1747 1991 1879 2051 cum,
1903 1973 2087 2032 atroci
2130 1989 2259 2031 sen-

202 2076 254 2117 15
272 2057 469 2116 tentia.
526 2055 630 2115 sed
664 2056 793 2115 aliis
844 2076 877 2117 a
920 2057 1269 2135 primoribus
1325 2059 1688 2136 maximeque
1745 2076 1778 2117 a
1831 2055 2262 2133 magistratibus

267 2139 691 2219 trepidabatur:
754 2141 969 2219 quippe
1012 2140 1278 2201 Tiberius
1319 2142 1430 2201 etsi
1487 2141 1714 2203 infense
1754 2143 2016 2201 invectus
2061 2149 2262 2199 cetera

268 2223 533 2301 ambigua
564 2221 897 2301 reliquerat.
1701 2218 1712 2237 “

282 2344 288 2352 -
392 2308 454 2366 4».
495 2304 627 2364 Fuit
668 2308 727 2367 in
766 2318 969 2369 senatu
1009 2307 1201 2369 Iunius
1245 2310 1546 2386 Rusticus,
1594 2308 1992 2388 conponendis
2035 2316 2257 2387 patrum

269 2390 413 2449 actis
452 2388 715 2450 delectus
744 2410 776 2451 a
818 2390 1106 2468 Caesare,
1155 2410 1350 2471 eoque
1383 2393 1783 2454 meditationes
1821 2394 1946 2453 eius
1986 2392 2252 2469 introspi-

269 2490 407 2533 cere
435 2473 707 2535 creditus.
772 2477 821 2535 is
855 2475 1014 2535 fatali
1050 2476 1297 2555 quodam
1323 2486 1477 2537 motu
1511 2478 1734 2557 (neque
1764 2479 1913 2537 enim
1955 2484 2085 2537 ante
2119 2492 2248 2559 spe-

269 2557 454 2617 cimen
498 2560 857 2619 constantiae
899 2559 1171 2636 dederat)
1214 2576 1318 2619 seu
1358 2578 1538 2638 prava
1579 2561 1872 2637 sollertia,
1919 2561 2050 2620 dum
2077 2560 2252 2619 immi·

217 2663 244 2703 5
264 2643 513 2701 nentium
558 2642 769 2703 oblitus
812 2645 1031 2727 incerta
1076 2650 1285 2721 pavet,
1339 2644 1602 2704 inserere
1645 2653 1710 2704 se'
1763 2644 2258 2705 dubitantibus‘ac

263 2741 501 2785 monere
560 2725 832 2788 consules
886 2744 959 2785 ne
1010 2724 1350 2786 relationem
1406 2728 1758 2806 inciperent;
1815 2727 2258 2805 disserebatque

263 2807 539 2869 brevibus
566 2810 867 2869 momentis
896 2826 1109 2871 summa
1140 2811 1320 2880 verti;
1350 2828 1532 2890 posse
1564 2812 1912 2891 quandoque
1931 2811 2259 2873 Germanici

264 2889 483 2953 domus
514 2894 743 2952 exitium
777 2893 1162 2970 paenitentiae
1184 2911 1325 2955 csse
1352 2897 1498 2955 seni.
1555 2896 1720 2956 simul
1745 2896 1996 2976 populus
2022 2896 2260 2973 effigies

264 2976 625 3055 Agrippinae
656 2994 727 3035 ac
754 2975 1009 3035 Neronis
1038 2994 1254 3053 gerens
1287 2978 1658 3040 circumsistit
1687 2983 1900 3041 curiam
1933 2981 2259 3058 faustisque

194 3080 243 3121 ιο
262 3060 319 3119 ἰιι
346 3058 655 3119 Caesarem
680 3058 959 3121 ominibus
988 3060 1167 3121 falsas
1182 3061 1382 3123 literas
1413 3072 1474 3122 et
1507 3065 1770 3142 principe
1802 3064 1980 3125 invito
2015 3064 2260 3123 exitium

262 3143 451 3203 domui
482 3144 605 3204 eius
634 3142 847 3203 intendi
874 3143 1141 3205 clamitat.
1200 3147 1280 3207 ita
1309 3147 1446 3207 nihil
1485 3149 1648 3209 triste
1690 3148 1790 3209 ino
1820 3148 1915 3208 die
1949 3157 2257 3227 patratum.

210 3283 216 3295 ,
260 3226 593 3288 ferebantur
623 3229 792 3287 etiam
820 3227 925 3289 sub
957 3230 1280 3293 nominibus
1305 3230 1687 3293 consularium
1710 3233 1884 3293 fictae
1903 3233 1966 3292 in
1984 3232 2254 3293 Seianum

261 3314 613 3388 sententiae,
660 3312 1067 3375 exercentibus
1121 3315 1418 3395 plerisque
1471 3334 1578 3393 per
1631 3316 1921 3377 occultum
1960 3324 2138 3395 atque
2181 3331 2255 3375 eo

260 3396 568 3471 procacius
621 3396 912 3459 libidinem
951 3400 1331 3475 ingeniorum.
1391 3398 1541 3459 unde
1582 3399 1666 3459 illi
1710 3401 1794 3461 ira
1835 3400 2154 3463 violentior
2197 3408 2255 3459 ct

184 3486 241 3527 1⁵
258 3479 527 3536 materies
576 3481 939 3543 criminandi:
984 3491 1243 3561 spretum
1288 3482 1552 3542 dolorem
1593 3484 1878 3562 principis
1910 3484 1984 3545 ab
2026 3493 2252 3560 senatu,
