2475 4000
337 229 457 296 188
823 236 1150 286 connsnn
1188 229 1420 284 men-1
1461 235 1824 290 Anxanum

332 397 497 457 miles
542 393 715 454 otium
758 401 1028 468 exueret,
1070 391 1218 451 inter
1251 391 1471 451 Mosam
1510 389 1882 467 Rhenumque
1926 388 2096 449 trium
2141 397 2206 448 et
2257 387 2368 449 vi·-

333 479 474 558 giuti
510 477 719 536 milium
754 478 941 556 spatio
982 476 1199 535 fossam
1230 473 1532 555 perduxit,
1579 491 1690 550 qua
1733 471 2222 543 incertaoceani
2259 474 2368 532 vi·

332 570 610 624 tarentur.
678 561 925 636 insignia
960 567 1149 619 tamen
1195 557 1462 637 triumphi
1504 555 1734 617 indulsit
1763 554 2020 633 Caesar,
2065 555 2370 638 quamvis
2470 605 2471 608 ,

334 645 549 706 bellum
578 646 937 721 negavisset.
1437 651 1444 660 ‘

265 752 316 794 10
457 729 584 788 Nec
608 728 789 788 ‘multo
834 735 969 806 post
998 724 1226 786 Curtius
1255 724 1440 786 Rufus
1471 722 1710 783 eundem
1743 723 2023 784 honorem
2055 722 2366 803 adipisci-

335 823 457 890 tur,
504 812 599 890 qui
628 813 684 872 in
719 829 864 888 agro
886 810 1155 870 Mattiaco
1184 809 1520 868 recluserat,
1543 825 1755 886 specus
1787 807 2136 886 quaerendis
2168 809 2366 870 venis

221 926 227 938 x
334 897 584 974 argenti;
628 893 781 955 unde
809 895 993 953 tenuis
1016 893 1235 952 fructus
1265 910 1376 952 nec
1403 893 1468 966 in,
1491 891 1723 968 longum
1745 891 1880 952 fuit:
1914 901 1968 952 at
1995 890 2367 970 legionibus
2472 940 2473 952 ,

336 999 465 1042 cum
499 977 703 1040 damno
736 976 935 1054 labor,
967 975 1225 1038 effodere
1256 978 1450 1050 rivos,
1484 993 1746 1054 quaeque
1777 976 1835 1034 in
1865 985 2069 1054 aperto
2100 977 2362 1052 gravia,
2471 1047 2473 1064 1

332 1064 559 1125 humum
589 1061 737 1122 infra
767 1062 977 1121 moliri.
1039 1062 1165 1138 quis
1202 1059 1474 1138 subactus
1504 1058 1704 1135 miles,
1741 1068 1799 1117 et
1827 1061 1960 1137 quia
1990 1059 2193 1138 plures
2229 1077 2364 1136 per

266 1167 317 1210 ιε
340 1148 673 1228 provincias
726 1143 932 1205 similia
983 1142 1408 1220 tolerabantur,
1475 1145 1768 1220 componit
1821 1142 2082 1203 occultas
2125 1141 2362 1202 literas

334 1233 563 1291 nomine
594 1231 985 1306 exercituum,
1016 1229 1372 1306 precantium
1404 1228 1816 1304 imperatorem.
1840 1234 1929 1305 ut,
1962 1225 2166 1305 quibus
2195 1244 2356 1305 per-

332 1316 609 1376 missurus
642 1322 802 1372 esset
833 1313 1161 1387 exercitus,
1191 1310 1554 1389 triumphalia
1583 1318 1713 1370 ante
1745 1310 2066 1371 tribueret:

462 1395 562 1456 21.
605 1396 697 1455 De
727 1397 955 1472 origine
981 1394 1159 1455 Curtii
1184 1396 1336 1471 Rufi,
1369 1412 1539 1473 quem
1565 1393 1889 1469 gladiatore
1921 1394 2170 1472 genitum
2201 1393 2350 1470 qui-

336 1480 467 1542 dam
496 1477 839 1557 prodidere,
871 1496 1061 1556 neque
1092 1478 1241 1538 falsa
1277 1480 1660 1557 prompserim
1690 1487 1754 1537 et
1778 1495 1916 1538 vera
1949 1478 2190 1555 exsequi
2224 1494 2352 1554 pu-

334 1564 451 1625 det.
512 1571 818 1640 postquam
853 1561 1142 1637 adolevit,
1190 1571 1451 1622 sectator
1491 1563 1815 1640 quaestoris
1863 1564 1952 1621 cui
1983 1561 2186 1621 Africa
2228 1559 2348 1619 ob-

332 1649 582 1725 tigerat,
638 1645 769 1705 dum
822 1648 881 1705 in
923 1645 1139 1724 oppido
1184 1646 1502 1706 Adrumeto
1537 1647 1737 1706 vacuis
1779 1663 1886 1724 per
1925 1643 2174 1704 medium
2215 1642 2352 1706 diei

290 1728 656 1811 sporticihus
686 1738 949 1789 secretus
981 1731 1191 1806 agitat,
1241 1728 1437 1789 oblata
1475 1731 1530 1788 ei
1575 1730 1808 1808 species
1847 1727 2145 1789 muliebris
2180 1728 2352 1790 ultra

212 1833 222 1851 *
331 1813 559 1874 modum
611 1812 912 1873 humanum
963 1823 1020 1872 et
1064 1811 1252 1872 audita
1295 1822 1386 1873 est
1427 1831 1548 1875 vox
1597 1819 1692 1873 ‘tu
1737 1832 1836 1890 es,
1885 1813 2068 1888 Rufe,
2123 1814 2222 1890 qui
2277 1815 2348 1870 in

331 1899 482 1961 hanc
530 1898 886 1976 provinciam
931 1913 1039 1976 pro
1082 1897 1322 1957 consule
1364 1899 1610 1957 venies?
1684 1896 1782 1958 tali
1826 1897 2012 1957 omine
2061 1896 2120 1955 in
2165 1913 2350 1974 spem
2435 1923 2446 1936 ι

336 1983 592 2045 sublatus
633 1981 1069 2061 degressusque
1102 1983 1158 2041 in
1185 1981 1384 2042 urbem
1427 1979 1736 2059 largitione
1779 1983 2116 2060 amicorum,
2163 1980 2350 2043 simul

334 2069 457 2129 acri
502 2068 738 2144 ingenio
796 2076 1159 2144 quaesturam
1212 2075 1271 2126 et
1324 2058 1460 2127 mox
1507 2065 1735 2127 nobiles
1784 2068 1936 2126 inter
1991 2063 2344 2125 candidatos

264 2172 317 2215 1o
334 2160 660 2231 praeturam
703 2150 986 2229 principis
1030 2151 1310 2228 suffragio
1351 2151 1716 2229 adsequitur,
1772 2167 1897 2209 cum
1925 2150 2088 2209 hisce
2131 2150 2346 2209 verbis

336 2233 605 2295 Tiberius
654 2231 909 2292 dedecus
959 2236 1226 2294 natalium
1270 2238 1392 2295 eius
1436 2234 1785 2295 velavisset:
1834 2232 2092 2293 ‘Curtius
2145 2233 2342 2293 Rufus

335 2317 563 2377 videtur
591 2315 726 2375 mihi
763 2334 838 2375 ex
878 2334 944 2375 se
977 2323 1188 2377 natus.²
1245 2319 1422 2396 longa
1464 2327 1599 2397 post
1639 2317 1789 2378 haec
1823 2325 2094 2393 senecta,
2131 2325 2192 2377 et
2233 2316 2338 2376 ad·-

336 2406 541 2460 v'ersus
571 2400 903 2477 superiores
935 2401 1081 2460 tristi
1110 2402 1459 2479 adulatione,
1490 2401 1777 2477 adrogans
1807 2400 2149 2477 minoribus,
2177 2402 2336 2481 inter

336 2499 519 2564 pares,
559 2482 850 2559 difficilis,
902 2483 1207 2543 consulare
1261 2488 1591 2564 imperium,
1642 2485 1911 2564 triumphi
1961 2484 2201 2561 insignia
2251 2500 2334 2541 ac

268 2590 317 2631 15
336 2577 634 2648 postremo
665 2567 923 2627 Africam
960 2565 1231 2639 obtinuit;
1281 2578 1449 2649 atque
1494 2568 1572 2628 ibi
1615 2568 1916 2630 defunctus
1951 2568 2122 2629 fatale
2152 2584 2332 2646 prae-

333 2654 557 2729 sagium
585 2651 865 2729 implevit.
1965 2696 1970 2703 ,

460 2733 560 2795 22.
608 2733 837 2795 Interea
876 2735 1135 2810 Romae,
1193 2734 1366 2795 nullis
1410 2737 1600 2816 palam
1651 2752 1845 2816 neque
1901 2737 2152 2814 cognitis
2193 2752 2340 2797 mox

335 2819 561 2895 causis,
599 2816 703 2877 Cn.
739 2818 793 2877 N
796 2819 960 2877 onius
992 2835 1175 2895 eques
1200 2819 1495 2880 Romanus
1526 2820 1684 2879 ferro
1714 2820 2012 2881 accinctus
2041 2821 2340 2898 reperitur

336 2904 395 2963 in
427 2911 598 2963 coetu
642 2901 981 2961 salutantum
1030 2904 1368 2981 principem.
1425 2922 1554 2965 nam
1587 2912 1890 2982 postquam
1917 2905 2222 2964 tormentis
2251 2904 2338 2962 di-

334 2984 689 3061 laniabatur,
722 2984 793 3044 de
817 3001 881 3043 se
904 2992 1022 3043 non
1050 2986 1351 3065 infitiatus
1374 2990 1646 3049 conscios
1676 3005 1790 3049 non
1814 2987 2021 3065 edidit,
2052 2988 2340 3047 incertum

289 3097 315 3138 5
339 3088 411 3131 an
445 3068 764 3129 occultans.

462 3152 650 3213 Isdem
692 3151 1025 3213 consulibus
1063 3153 1128 3213 P.
1154 3154 1463 3216 Dolabella
1502 3156 1724 3216 censuit
1768 3152 2164 3233 spectaculum
2206 3152 2338 3229 gla-

336 3237 617 3298 diatorum
663 3254 769 3314 per
811 3252 1011 3297 omnes
1048 3255 1229 3300 annos
1281 3238 1687 3299 celebrandum
1722 3240 1968 3318 pecunia
2006 3254 2204 3297 eorum
2235 3236 2340 3314 qui

338 3329 704 3397 quaesturam
744 3318 1219 3398 adipiscerentur.
1303 3321 1454 3400 apud
1495 3325 1744 3383 maiores
1790 3323 2016 3382 virtutis
2060 3320 2117 3380 id
2160 3337 2336 3399 prae-

336 3404 507 3463 mium
553 3404 773 3481 fuerat,
824 3407 1160 3485 cunctisque
1212 3408 1450 3482 civium,
1514 3409 1563 3465 si
1605 3407 1774 3468 bonis
1808 3405 2025 3466 artibus
2065 3403 2336 3478 fiderent,

267 3502 319 3545 ιο
338 3484 557 3545 licitum
587 3496 791 3564 petere
830 3491 1229 3566 magistratum
1277 3507 1349 3549 ac
1375 3507 1449 3548 ne
1493 3498 1653 3550 aetas
1681 3489 1914 3568 quidem
1941 3485 2340 3566 distingueba-
