2475 4000
806 229 1015 278 lesn
1035 232 1077 276 1.
1119 231 1268 278 OAP.
1295 231 1532 285 32—36.
1769 199 1792 276 ζ
2079 227 2154 288 19

187 381 469 464 praeferri,
510 391 569 440 ut
605 383 661 442 id
698 383 901 442 saltem
934 385 1294 444 discerneret
1327 386 1630 446 cohortes:
1668 390 1828 449 tarde
1855 389 2150 470 obtempe-

184 483 393 527 ravere.
459 475 595 524 tunc
628 483 659 524 a
694 469 1065 526 veneratione
1096 467 1341 544 Augusti
1374 487 1540 528 orsus
1572 469 1732 530 flexit
1765 475 1835 533 ad
1879 475 2150 534 victorias

182 547 603 626 triumphosque
655 547 901 626 Tiberii,
954 552 1285 629 praecipuis
1339 552 1598 612 laudibus
1645 555 1955 616 celebrans
2009 575 2156 635 quae

181 633 321 712 apud
362 630 695 692 Germanias
736 633 849 692 illis
902 650 1029 692 cum
1081 634 1406 713 legionibus
1461 635 1841 713 pulcherrima
1893 640 2150 704 fecisset.

178 717 367 776 ltaliae
398 716 530 775 inde
567 731 933 792 consensum,
969 715 1276 777 Galliarum
1308 718 1474 778 iidem
1509 719 1764 787 extollit;
1801 722 1878 780 nil
1909 741 2144 802 usquam
2168 745 2217 785 15

178 799 447 859 turbidum
481 807 576 858 aut
606 798 851 859 discors.
916 801 1144 859 silentio
1176 801 1324 861 haec
1355 803 1452 862 vel
1483 820 1765 861 murmure
1797 805 2021 865 modico
2051 825 2147 868 au·

176 884 281 942 dita
313 892 461 941 sunt.
742 879 747 886 ’
962 899 979 912 ’

287 967 386 1026 35.
433 965 509 1026 Ut
546 965 883 1025 seditionem
916 967 1118 1042 attigit,
1151 967 1247 1026 ubi
1275 968 1554 1028 modestia
1584 969 1871 1043 militaris,
1917 968 2012 1028 ubi
2050 990 2148 1031 ve-

174 1051 304 1110 teris
354 1049 697 1127 disciplinae
750 1050 962 1125 decus,
1008 1067 1255 1128 quonam
1297 1050 1586 1128 tribuum,
1632 1069 1745 1130 quo
1789 1053 2150 1113 centuriones

176 1133 541 1210 exegissent,
574 1133 851 1209 rogitans,
886 1131 1097 1193 nudant
1125 1135 1380 1193 universi
1410 1151 1658 1212 corpora
1679 1180 1696 1210 ‚
1729 1137 2031 1194 cicatrices
2075 1155 2149 1196 ex

174 1215 535 1291 vulneribus,
566 1216 869 1275 verberum
897 1224 1063 1276 notas
1096 1215 1479 1294 exprobrant3¹
1521 1235 1655 1278 mox
1687 1219 2010 1279 indiscretis
2046 1237 2145 1279 vo-

176 1300 326 1359 cibus
358 1301 549 1377 pretia
585 1300 975 1374 vacationum,
1027 1301 1318 1376 angustias
1367 1301 1664 1378 stipendii,
1715 1298 1974 1362 duritiam
2005 1295 2144 1380 ope-
2165 1333 2191 1372 5

176 1402 283 1442 rum
326 1401 397 1442 ac
439 1384 707 1461 propriis
730 1382 1049 1443 nominibus
1102 1385 1360 1443 incusant
1387 1384 1640 1463 ⁴vallum,
1695 1385 1915 1462 fossas,
1958 1386 2146 1464 pabuli

180 1467 439 1526 materiae
476 1466 759 1543 lignorum
790 1467 1085 1543 adgestuS,
1120 1477 1177 1526 et
1213 1469 1260 1526 si
1287 1485 1397 1546 qua
1430 1468 1536 1527 alia
1571 1487 1646 1528 ex
1674 1470 2023 1529 necessitate
2053 1482 2148 1531 aut

178 1551 444 1609 adversus
494 1550 665 1609 otium
708 1559 1023 1609 castrorum
1066 1559 1428 1628 quaeruntur.
1493 1553 1880 1612 atrocissimus
1919 1561 2146 1612 vetera-

177 1651 360 1693 norum
394 1632 615 1692 clamor
646 1632 958 1707 oriebatur,
996 1633 1093 1711 qui
1122 1635 1339 1694 tricena
1372 1643 1467 1694 aut
1506 1653 1679 1713 supra
1725 1636 2008 1712 stipendia
2047 1654 2144 1693 nu-

177 1725 475 1791 merantes,
510 1716 837 1775 mederetur
869 1717 1071 1792 fessiS‚
1120 1735 1229 1776 neu
1261 1726 1497 1777 mortem
1531 1720 1586 1776 in
1617 1720 1797 1778 isdem
1829 1717 2141 1796 laboribus,
2164 1745 2214 1784 10

178 1799 467 1859 sed‘linem
503 1809 616 1860 tam
647 1801 939 1859 exercitae
965 1799 1195 1860 militiae
1227 1819 1418 1879 neque
1449 1803 1676 1878 inopem
1722 1802 1978 1879 requiem
2015 1818 2143 1862 ora-

180 1883 313 1943 bant.
375 1883 543 1942 fuere
574 1884 740 1942 etiam
772 1884 867 1960 qui
896 1882 1143 1959 legatam
1180 1901 1211 1942 a
1243 1884 1376 1943 divo
1407 1883 1668 1959 Augusto
1716 1886 2013 1961 pecuniam
2054 1903 2143 1943 re-

181 1975 501 2045 poscerent,
532 1967 733 2027 faustis
766 1967 823 2025 in
856 1965 1250 2031 Germanicum
1291 1965 1596 2036 ominibus;
1641 1973 1700 2024 et
1741 1967 1789 2025 si
1826 1966 2006 2024 vellet
2045 1963 2142 2025 im*-

181 2052 407 2129 pcrium,
438 2060 735 2129 promptas
764 2068 867 2109 res
902 2043 1290 2131 ostentavere.
1344 2059 1458 2109 tum
1487 2066 1629 2109 vero
1650 2093 1666 2123 ,
1713 2050 1874 2127 quasi
1915 2048 2144 2108 scelere

182 2135 667 2207 contaminaretur,
698 2150 987 2211 praeceps
1018 2133 1283 2194 tribunali
1316 2133 1561 2193 desiluit.
1631 2138 2020 2209 opposuerunt
2045 2131 2139 2191 ab·
2161 2149 2212 2191 15

186 2220 318 2277 eunti
366 2235 559 2292 arma,
606 2218 959 2292 minitantes,
1001 2219 1057 2277 ni
1106 2217 1548 2293 regrederetur-3
1592 2225 1647 2274 at
1684 2212 1783 2271 ille
1813 2214 2144 2274 moriturum

184 2303 355 2377 potius
387 2318 556 2378 quam
586 2301 754 2359 iidem
785 2310 1025 2361 exueret
1062 2301 1376 2375 clamitans,
1412 2300 1621 2358 ferrum
1649 2313 1680 2355 a
1706 2295 1888 2355 latere
1915 2296 2144 2377 diripuit

182 2384 496 2463 elatumque
530 2384 830 2447 deferebat
858 2386 915 2443 in
952 2392 1187 2461 pectus,
1223 2385 1279 2442 ni
1311 2381 1549 2461 proximi
1579 2396 1843 2457 prensam
1884 2380 2142 2440 dextram

178 2468 225 2525 vi
252 2468 643 2527 adtinuissent.
700 2477 957 2527 extrema
988 2476 1045 2527 et
1069 2466 1412 2543 conglobata
1441 2466 1586 2521 inter
1607 2480 1672 2521 se
1701 2478 1836 2539 pars
1862 2463 2142 2522 contionis

178 2569 269 2625 ac,
321 2553 421 2611 vix
454 2550 732 2611 credibile
763 2552 945 2626 dictu,
996 2551 1219 2629 quidam
1261 2548 1465 2624 singuli
1507 2546 1742 2623 propius
1784 2543 2138 2618 incedentes,
2159 2559 2210 2601 20

178 2634 367 2694 feriret
396 2633 803 2703 hortabantur;
852 2642 909 2693 et
936 2634 1099 2694 miles
1132 2634 1352 2693 nomine
1385 2627 1705 2688 Calusidius
1745 2626 2000 2685 strictum
2040 2628 2138 2686 ob-

177 2717 289 2777 tulit
320 2719 592 2795 gladium,
623 2718 813 2779 addito
846 2719 1157 2777 acutiorem
1192 2731 1341 2775 esse.
1403 2729 1635 2770 saevum
1667 2710 1723 2769 id
1751 2709 1998 2786 malique
2020 2727 2138 2769 mo-

170 2802 245 2860 ris
276 2804 444 2861 etiam
479 2802 797 2861 furentibus
842 2802 1058 2874 visum,
1105 2818 1173 2859 ac
1210 2796 1454 2875 spatium·
1498 2794 1600 2853 fuit
1648 2810 1760 2871 quo
1807 2789 2024 2851 Caesar
2069 2793 2138 2852 ab

174 2886 361 2945 amicis
384 2888 439 2944 in
475 2884 901 2945 tabernaculum
932 2888 1248 2958 raperetur.

290 2969 388 3029 36.
447 2964 839 3028 Consultatum
866 2966 943 3025 ibi
984 2963 1055 3022 de
1088 2963 1376 3030 remedio;
1419 2960 1628 3019 etenim
1656 2955 2014 3019 nuntiabatur
2042 2976 2139 3036 pa-

174 3053 277 3111 rari
306 3053 543 3129 legatos
571 3053 665 3130 qui
694 3051 1046 3128 superiorem
1078 3046 1392 3105 exercitum
1421 3044 1493 3103 ad
1517 3060 1744 3123 causam
1770 3042 2007 3103 eandem
2029 3050 2138 3101 tra-

174 3135 395 3196 herent:
441 3136 779 3195 destinatum
818 3130 1044 3190 excidio
1099 3128 1368 3193 Ubiorum
1427 3126 1728 3205 oppidum,
1783 3124 2140 3202 imbutasque

175 3220 379 3297 praeda
408 3237 611 3279 manus
640 3217 692 3273 in
735 3215 1114 3293 direptionem
1154 3210 1462 3271 Galliarum
1506 3218 1824 3287 erupturas.
1885 3208 2142 3284 augebat

174 3314 367 3364 metum
395 3320 611 3381 gnarus
642 3296 931 3359 Romanae
967 3296 1264 3356 seditionis
1295 3302 1371 3367 et,
1413 3294 1461 3353 si
1496 3292 1850 3351 omitteretur
1883 3292 2026 3368 ripa,
2057 3292 2136 3350 in·
2160 3304 2186 3343 5

174 3404 397 3447 vasurus
442 3385 659 3447 hostis:
706 3391 763 3442 at
802 3382 849 3440 si
892 3380 1099 3440 auxilia
1143 3388 1199 3439 et
1243 3376 1384 3436 socii
1427 3376 1731 3453 adversum
1773 3374 2138 3434 abscedentis

174 3468 423 3549 legiones
456 3474 833 3540 armarentur,
880 3463 1049 3523 civile
1071 3462 1287 3523 bellum
1319 3460 1552 3539 suscipi.
1614 3458 1942 3599 perizc’plosa
1973 3475 2139 3518 seve-
