2475 4000
628 126 636 134 ⁴
743 150 951 214 mnan
972 169 1085 214 xv.
1121 168 1271 216 OAP.
1289 165 1536 248 -613—67.
1567 171 1576 178 ⁷
2002 157 2134 218 311.

151 329 501 402 promptum,
543 339 658 380 non
702 319 937 380 defuere
978 323 1073 400 qui
1114 320 1449 397 crederent,
1494 321 1682 381 donec
1722 323 2123 402 inplacabilem
2147 338 2176 376 ⁵

146 405 434 466 Neronem
466 405 744 478 timuerit,
786 403 991 464 famam
1035 407 1294 464 sociatae
1342 424 1468 464 cum
1509 407 1711 465 marito
1751 409 1951 466 mortis
1979 409 2123 486 peti-

148 492 316 564 visse,
354 487 564 547 deinde
596 486 788 548 oblata
829 489 1054 549 mitiore
1092 506 1196 568 spe
1236 487 1635 568 blandimentis
1664 490 1818 548 vitae
1853 493 2096 550 evictam
2109 514 2122 561 ;

149 575 237 632 cui
274 571 489 631 addidit
532 587 752 649 paucos
792 581 1000 650 postea
1044 590 1258 648 annos,
1306 571 1578 631 laudabili
1619 573 1676 631 in
1715 574 1971 633 maritum
2010 593 2124 634 me·-

146 657 321 716 moria
367 665 424 714 et
466 672 572 714 ore
616 672 687 714 ac
737 653 1006 714 membris
1065 657 1121 713 in
1164 672 1292 714 eum
1337 655 1616 734 pallorem
1659 655 2011 733 albentibus,
2067 666 2128 716 ut

146 740 391 800 ostentui
437 747 596 798 esset
634 737 867 797 multum
897 739 1089 800 vitalis
1124 739 1357 816 spiritus
1391 747 1667 816 egestum.
1729 740 1956 799 Seneca
1984 742 2123 799 inte·
2145 758 2196 798 ιο

148 826 281 900 rim,
330 822 570 882 durante
606 831 791 881 tractu
824 830 883 881 et
915 821 1249 882 lentitudine
1283 824 1519 899 mortis,
1547 823 1784 882 Statium
1811 823 2125 900 Annaeum,

148 908 237 968 diu
264 905 378 966 sibi
403 905 691 964 amicitiae
722 905 835 965 fide
864 913 923 964 et
968 915 1089 968 arte
1119 905 1439 967 medicinae
1471 906 1804 987 probatum,
1839 915 1964 966 orat
1995 924 2126 986 pro·

150 993 322 1050 visum
368 989 589 1068 pridem
637 1006 945 1066 venenum,
990 1007 1103 1067 quo
1148 989 1392 1049 damnati
1435 989 1671 1069 publico
1700 990 2128 1050 Atheniensium

146 1075 353 1134 iudicio
387 1074 886 1150 extinguerentur,
923 1082 1244 1151 promeret;
1290 1073 1651 1150 adlatumque
1679 1074 1866 1133 hausit
1896 1074 2126 1148 frustra,

144 1157 386 1236 frigidus
430 1159 538 1216 iam
583 1165 736 1216 artus
786 1165 843 1215 et
890 1157 1053 1220 cluso
1100 1172 1352 1235 corpore
1404 1157 1706 1218 adversum
1747 1160 1857 1217 vim
1897 1157 2124 1216 veneni.
2147 1174 2197 1214 15

106 1247 115 1252 “
149 1252 441 1322 postremo
486 1249 748 1315 stagnum
792 1234 1013 1302 calidae
1058 1258 1241 1318 aquae
1271 1242 1517 1317 introiit,
1551 1259 1906 1320 respergens
1938 1240 2126 1318 proxi-

146 1344 266 1386 mos
297 1341 603 1384 servorum
636 1321 827 1386 addita
858 1340 1040 1399 voce,
1091 1323 1278 1383 libare
1307 1343 1371 1383 se
1411 1325 1693 1401 liquorem
1722 1324 1876 1383 illum
1907 1323 2033 1383 Iovi
2064 1322 2128 1382 li-

144 1410 423 1469 beratori.
498 1408 649 1466 exim
698 1405 908 1479 balneo
963 1407 1171 1466 inlatus
1220 1416 1280 1466 et
1333 1425 1551 1485 vapore
1593 1409 1716 1468 eius
1758 1410 2128 1485 exanimatuS,

148 1495 265 1552 sine
307 1492 435 1551 ullo
486 1490 703 1550 funeris
746 1475 1011 1550 sollemni
1052 1499 1356 1552 crematur.
1414 1493 1492 1550 ita
1529 1491 1814 1551 codicillis
1845 1492 2128 1570 praescri-

146 1586 371 1656 pserat,
408 1592 534 1633 cum
564 1576 731 1633 etiam
751 1583 867 1633 tum
896 1573 1204 1653 praedives
1234 1583 1294 1634 et
1324 1571 1677 1654 praepotens
1701 1577 1984 1655 supremis
1999 1576 2124 1634 suis
2147 1591 2200 1630 20

146 1660 1256 1720 consuleret..

266 1744 372 1805 65.
427 1741 601 1801 Fama
641 1740 744 1800 fuit
788 1740 1049 1801 Subrium
1093 1741 1333 1802 Flavum
1385 1761 1510 1802 cum
1561 1743 1988 1802 centurionibus
2033 1760 2129 1801 oc-

146 1828 300 1886 culto
332 1825 613 1900 consili0,
657 1842 844 1902 neque
886 1834 1075 1885 tamen
1108 1827 1410 1902 ignorante
1439 1826 1693 1902 Seneca,
1728 1825 2128 1902 destinavisse,
2169 1889 2177 1896 ,
2235 1853 2239 1858 <

145 1921 203 1970 ut
235 1919 372 1991 post
402 1911 674 1976 occisum
714 1926 895 1987 opera
926 1909 1151 1970 Pisonis
1180 1908 1473 1968 Neronem
1511 1908 1643 1968 Piso
1687 1925 1916 1986 quoque
1957 1910 2128 1968 inter·

146 1995 419 2055 ficeretur
459 1991 895 2071 tradereturque
936 1992 1237 2071 imperium
1264 1992 1558 2067 Senecae,
1607 1993 1768 2069 quasi
1810 1991 2129 2051 insontibus

147 2076 485 2139 claritudine
528 2077 795 2135 virtutum
836 2076 906 2137 ad
951 2093 1224 2135 summum
1269 2076 1556 2151 fastigium
1597 2074 1846 2135 dele'cto.
1907 2076 2038 2153 quin
2074 2084 2178 2133 ets

146 2162 324 2221 verba
348 2160 513 2221 Flavi
538 2157 937 2235 vulgabantur,
970 2176 1086 2219 non
1123 2160 1350 2219 referre
1385 2158 1726 2235 dedecoris,
1759 2158 1808 2217 si
1850 2158 2128 2217 citharoe-

147 2245 247 2305 dus
290 2245 699 2304 demoveretur
730 2252 787 2301 et
831 2229 1176 2319 tragoedus
1190 2242 1563 2319 succederet,
1597 2243 1729 2320 quia
1767 2252 1826 2303 ut
1863 2242 2021 2302 Nero
2055 2243 2130 2301 ci-

146 2330 326 2404 thara,
364 2330 438 2389 ita
474 2324 608 2387 Piso
645 2327 869 2402 tragico
902 2335 1103 2386 ornatu
1134 2325 1396 2387 canebat.

272 2376 375 2474 66.
426 2410 693 2477 Ceterum
730 2410 985 2469 militaris
1036 2429 1266 2489 quoque
1313 2408 1662 2489 conspiratio
1705 2426 1819 2469 non
1863 2410 2008 2469 ultra
2049 2410 2131 2468 fe-

146 2496 310 2572 fellit,
351 2495 615 2555 accensis
637 2492 917 2553 iudicibus
942 2493 1012 2553 ad
1039 2494 1392 2573 prodendum
1413 2492 1683 2553 Faenium
1702 2492 1928 2567 Rufum,
1967 2509 2136 2569 quem

146 2580 391 2641 eundem
434 2579 725 2638 conscium
767 2586 827 2636 et
870 2578 1263 2655 inquisitorem
1305 2594 1420 2637 non
1459 2571 1802 2636 tolerabant.
1865 2592 2008 2651 ergo
2050 2576 2130 2633 in·
2215 2618 2228 2627 .

147 2664 315 2723 stanti
369 2662 758 2739 minitantique
812 2660 1081 2721 renidens
1139 2662 1454 2723 Scaevinus
1509 2661 1790 2719 neminem
1849 2660 1924 2718 ait
1970 2656 2132 2737 plura

147 2749 299 2806 scire
332 2763 500 2824 quam
535 2746 739 2822 ipsum,
775 2744 1145 2823 hortaturque
1184 2746 1332 2805 ultro
1371 2744 1642 2803 redderet
1667 2752 1779 2803 tam
1803 2743 1956 2802 bono
1983 2742 2130 2821 prin·
2157 2757 2182 2795 5

148 2832 263 2909 cipi
291 2832 499 2889 vicem.
559 2845 677 2887 non
704 2844 822 2886 vox
852 2826 1156 2887 adversum
1180 2848 1252 2889 ea
1277 2828 1516 2904 Faenio,
1547 2844 1664 2886 non
1693 2826 1996 2901 silentium,
2030 2824 2134 2886 sed

146 2913 325 2973 verba
376 2930 477 2971 sua
521 2909 910 2989 praepediens
951 2920 1011 2969 et
1041 2913 1276 2991 pavoris
1307 2912 1670 2987 manifestus,
1719 2912 2046 2986 ceterisque
2077 2916 2134 2967 et

146 2999 391 3057 maxime
434 2994 712 3055 Cervario
742 2993 1004 3053 Proculo
1037 2996 1229 3072 equite
1275 2996 1538 3055 Romano
1582 2993 1651 3055 ad
1682 2992 2135 3056 convincendum

146 3098 275 3140 eum
308 3079 544 3153 conisis,
577 3080 736 3137 iussu
765 3078 1130 3155 imperatoris
1154 3096 1185 3137 a
1219 3077 1422 3137 Cassio
1447 3078 1641 3153 milite,
1681 3078 1778 3155 qui
1809 3074 1883 3135 ob
1905 3076 2132 3151 insigne

150 3165 418 3241 corporis
450 3162 627 3221 robur
655 3158 936 3235 adstabat,
972 3162 1280 3239 corripitur
1309 3162 1685 3238 vinciturque.
2153 3172 2202 3213 ιο

274 3247 376 3308 67.
422 3246 561 3305 Mox
602 3243 913 3305 eorundem
953 3244 1165 3303 indicio
1198 3242 1436 3303 Subrius
1465 3241 1676 3303 Flavus
1717 3242 1972 3302 tribunus
2001 3258 2132 3320 per-

148 3331 425 3406 vertitur,
464 3330 645 3407 primo
687 3326 1198 3389 dissimilitudinem
1236 3345 1453 3386 morum
1495 3327 1567 3387 ad
1595 3326 1989 3385 defensionem
2021 3333 2130 3383 tra-

144 3410 327 3489 hens,
356 3429 547 3490 neque
577 3428 642 3471 se
676 3420 947 3473 armatum
976 3429 1101 3472 cum
1132 3409 1441 3470 inermibus
1471 3419 1528 3470 et
1559 3408 1892 3469 effeminatis
1922 3416 2134 3467 tantum
2185 3407 2190 3413 '
