2475 4000
370 200 493 260 210
860 198 1191 250 conmnn
1230 207 1466 258 'raom
1505 210 1870 258 munuum
1899 225 1905 228 ·
1988 272 1996 282 Ι

304 389 359 430 1⁵
374 359 433 424 e't
468 363 517 421 si
547 355 919 420 auxiliaribus
947 355 1321 431 resisterent,
1367 355 1587 431 gladiis
1605 379 1676 426 ac
1705 363 1838 440 pilis
1880 364 2402 443 legionariorum,

372 449 421 507 si
447 446 559 504 buc
591 448 919 515 verterent,
966 437 1191 517 spathis
1234 447 1294 496 et
1337 438 1904 510 hastisauxiliarium
1935 447 2404 512 sternebantur,

374 530 528 590 clara
561 543 630 586 ea
659 523 903 584 victoria
930 521 1063 598 fuit,
1098 529 1386 600 captaque
1410 539 1558 580 uxor
1591 531 1652 580 et
1679 523 1794 582 filia
1823 525 2096 593 Carataci
2125 531 2405 592 fratres-
2474 577 2475 580 ,

375 631 485 693 que
516 613 577 672 in
606 607 954 668 deditionem
980 606 1232 684 accepti.
2085 643 2090 651 .
2235 647 2250 658 .

496 694 596 755 36.
642 692 807 771 Ipse,
839 689 1117 758 utferme
1158 691 1335 751 intuta
1375 695 1507 746 sunt
1547 685 1824 762 adversa,
1865 707 1991 748 cum
2027 690 2210 748 fldem
2241 695 2406 756 car-

375 772 695 841 timanduae
732 776 973 851 reginae
1015 773 1346 849 Brigantum
1389 771 1720 850 petivisset,
1763 773 1988 831 vinctus
2019 790 2090 842 ac
2135 773 2408 832 victori-

372 863 479 924 bus
510 859 749 922 traditus
780 867 903 933 est,
945 873 1100 916 nono
1146 865 1284 934 post
1329 871 1480 914 anno
1523 871 1689 932 quam
1726 852 1944 918 bellum
1984 855 2044 914 in
2077 843 2412 916 Britannia

376 955 663 1024 coeptum.
732 941 881 1001 unde
922 939 1071 1001 fama
1118 940 1241 1000 eius
1286 947 1494 999 evecta
1525 938 1747 998 insulas
1789 945 1847 996 et
1894 939 2196 1019 proximas
2245 955 2410 1016 pro·

242 1046 247 1052 ‘
326 1051 353 1091 5
373 1031 593 1091 vincias
626 1033 945 1107 pervagata
974 1042 1081 1103 per
1116 1022 1338 1084 Italiam
1381 1039 1614 1100 quoque
1657 1020 2066 1084 celebrabatur
2091 1021 2408 1098 avebant7

370 1131 483 1194 que
513 1115 743 1187 visere,
786 1109 912 1187 quis
951 1109 1053 1168 ille
1090 1116 1175 1167 tot
1212 1126 1321 1187 per
1362 1123 1543 1166 annos
1573 1123 1722 1185 opes
1763 1115 1994 1175 nostras,
2021 1107 2408 1184 sprevisset.

344 1199 446 1258 'ne
473 1198 694 1258 Romae
734 1192 963 1272 quidem
994 1190 1257 1268 ignobile
1293 1188 1558 1251 Carataci
1603 1207 1811 1250 nomen
1851 1199 1975 1252 erat
1989 1213 2007 1260 ;.
2054 1197 2116 1248 et
2145 1187 2430 1250 Caesar'

373 1283 504 1342 dum
552 1294 714 1338 suum
762 1277 941 1336 decus
990 1275 1245 1351 extollit,
1311 1273 1524 1334 addidit
1571 1274 1820 1356 gloriam
1863 1276 2042 1333 victo.
2115 1282 2406 1332 vocatus

375 1365 589 1442 quippe
620 1371 680 1420 ut
708 1360 778 1421 ad
808 1360 1037 1437 insigne
1082 1358 1474 1437 spectaculum
1514 1358 1798 1437 populus:
1844 1367 2062 1418 stetere
2099 1357 2160 1416 in
2191 1358 2404 1416 armis

310 1464 362 1505 ιο
377 1446 705 1525 praetoriae
751 1442 1024 1502 cohortes
1071 1459 1275 1521 campo
1319 1443 1414 1520 qui
1452 1451 1638 1502 castra
1671 1441 1982 1522 praeiacet.
2043 1449 2182 1500 tunc
2207 1440 2400 1500 ince-

378 1527 641 1589 dentibus
696 1526 876 1602 regiis
930 1525 1215 1585 clientelis
1259 1525 1538 1603 phalerae
1585 1534 1828 1605 torques
1880 1542 2144 1604 quaeque
2195 1522 2400 1584 bellis

378 1612 632 1673 externis
657 1609 1024 1688 quaesiverat
1058 1607 1336 1686 traducta,
1367 1627 1506 1669 mox
1535 1609 1746 1670 fratres
1777 1619 1837 1670 et
1865 1611 2113 1671 coniunx
2139 1615 2208 1668 et
2237 1607 2398 1686 lilia,

378 1704 673 1777 postremo
704 1695 835 1772 ipse
866 1700 1203 1753 ostentatus.
1250 1701 1574 1756 ceterorum
1600 1711 1809 1773 preces
1841 1693 2172 1771 degeneres
2205 1691 2398 1753 fuere

378 1798 454 1839 ex
490 1786 670 1838 metu:
720 1785 779 1837 at
817 1793 933 1837 non
964 1774 1278 1837 Caratacus
1321 1785 1415 1836 aut
1447 1778 1604 1837 vultu
1635 1777 1886 1838 demisso
1917 1786 2012 1838 aut
2039 1774 2246 1836 verbis
2279 1778 2394 1835 mi·

311 1860 749 1940 15sericordiam
782 1861 1121 1941 requirens,
1161 1859 1259 1920 ubi
1289 1859 1555 1921 tribunali
1587 1862 1834 1938 adstitit,
1877 1863 1938 1920 in
1956 1860 2108 1920 hunc
2137 1859 2396 1920 modum

378 1947 601 2010 locutus
633 1955 739 2006 est.
1184 1947 1214 2009 ’,
1770 1993 1776 2003 .

493 2032 595 2091 37.
638 2031 734 2090 ‘Si
763 2039 971 2108 quanta
1004 2029 1277 2091 nobilitas
1311 2038 1370 2091 et
1401 2029 1631 2091 fortuna
1659 2030 1792 2090 mihi
1822 2029 1958 2106 fuit,
1989 2038 2144 2089 tanta
2176 2048 2392 2089 rerum

378 2132 785 2195 prosperarum
811 2113 1134 2174 moderatio
1166 2114 1406 2191 fuisset,
1437 2115 1650 2174 amicus
1686 2116 1874 2194 potius
1902 2115 1961 2172 in
1988 2113 2139 2173 hanc
2167 2112 2388 2174 urbem

332 2190 341 2198 ”
380 2215 545 2276 quam
576 2204 775 2274 captus
808 2198 1128 2275 venissem,
1170 2215 1359 2275 neque
1389 2197 1730 2275 dedignatus
1749 2216 1954 2274 esses,
1989 2196 2164 2257 claris
2191 2199 2386 2258 maio·

216 2351 229 2357 ‚
347 2280 534 2339 sibus
570 2288 785 2357 ortum,
830 2280 1091 2358 pluribus
1110 2280 1390 2357 ‘gentibus
1435 2283 1851 2361 imperitantem
1879 2280 2128 2341 foedere
2157 2300 2380 2359 pacem

333 2382 358 2421 5
380 2364 666 2441 accipere.
730 2374 1009 2442 praesens
1041 2381 1171 2423 sors
1200 2383 1327 2425 mea
1355 2375 1416 2425 ut
1443 2364 1580 2427 mihi
1600 2365 1878 2441 informis,
1913 2366 1998 2425 sic
2023 2362 2123 2425 tibi
2143 2365 2376 2441 magni-

379 2449 488 2513 lica
518 2456 626 2507 est.
684 2445 853 2507 habui
884 2465 1068 2525 equos
1103 2450 1281 2525 viros,
1318 2468 1472 2511 arma
1499 2468 1677 2528 opes:
1703 2448 1837 2528 quid
1867 2451 2067 2509 mirum
2086 2493 2102 2524 ‚
2136 2450 2184 2507 si
2213 2446 2375 2508 haec

378 2532 587 2591 invitus
619 2528 819 2591 amisi?
864 2548 1003 2597 ¹nam
1046 2532 1094 2590 si
1122 2550 1231 2592 vos
1275 2534 1534 2594 omnibus
1563 2534 1893 2613 imperitare
1923 2533 2121 2609 vultis,
2166 2533 2376 2608 sequi-

378 2624 467 2675 tur
499 2624 561 2674 ut
588 2633 789 2675 omnes
817 2616 1147 2675 servitutem
1176 2617 1506 2697 accipiant?
1529 2610 1578 2677 si
1611 2619 1798 2678 statim
1829 2616 2052 2677 deditus
2079 2614 2376 2692 traderer,

377 2715 567 2777 neque
586 2716 711 2759 mea
734 2698 958 2759 fortuna
982 2716 1167 2778 neque
1189 2708 1282 2761 tua
1307 2702 1496 2778 gloria
1516 2702 1909 2771 inclaruisset3
1938 2710 1999 2761 et
2022 2699 2380 2785 supplicium

311 2800 360 2840 ιο
378 2784 487 2841 mei
533 2781 750 2841 oblivio
791 2791 1155 2860 sequeretur:
1200 2792 1260 2843 at
1300 2786 1350 2843 si
1389 2786 1734 2847 incolumem
1773 2786 2136 2861 servaveris,
2165 2792 2368 2845 aeter-

376 2884 505 2926 num
537 2864 835 2942 exemplar
864 2865 1200 2927 clementiae
1231 2873 1383 2930 ero.'
1435 2870 1507 2931 ad
1540 2888 1609 2931 ea
1645 2868 1866 2930 Caesar
1885 2868 2111 2929 veniam
2135 2869 2378 2947 ipsique

378 2958 437 3009 et
478 2949 717 3025 coniugi
746 2956 803 3007 et
842 2947 1110 3009 fratribus
1162 2950 1376 3013 tribuit.
1426 2958 1609 3033 'atque
1661 2953 1746 3013 illi
1796 2952 2005 3013 vinclis
2058 2950 2376 3031 [abJsolnti

376 3032 751 3111 Agrippinam
784 3047 1047 3109 quoque,
1083 3033 1233 3095 haud
1267 3038 1471 3115 procul
1501 3038 1618 3099 alio
1649 3047 1931 3115 suggestu
1965 3036 2374 3114 conspicuam,

376 3116 556 3203 isdem
600 3114 807 3193 quibus
840 3116 1154 3195 principem
1182 3119 1444 3181 laudibus
1485 3121 1860 3201 gratibusque
1903 3121 2172 3180 venerati·
2214 3128 2372 3179 sunt.

309 3222 361 3263 ιε
378 3200 586 3259 novum
620 3216 766 3268 ‚sane
806 3207 867 3258 et
905 3199 1155 3261 moribus
1193 3214 1455 3266 veterum
1504 3206 1820 3282 insolitum,
1871 3204 2143 3264 feminam
2181 3205 2378 3282 signis

328 3292 343 3305 ‘
374 3283 646 3343 Romanis
687 3282 1048 3360 praesidere:
1094 3286 1219 3366 ipsa
1264 3298 1448 3349 semet
1489 3291 1639 3369 parti
1681 3308 1716 3350 a
1755 3286 2066 3351 maioribus
2111 3289 2233 3348 suis
2263 3291 2372 3348 im·

376 3367 521 3442 perii
553 3366 768 3427 sociam
794 3367 1038 3429 ferebat.
1074 3368 1094 3395 ⁸

490 3446 588 3509 38.
624 3449 833 3513 Vocati
864 3452 1106 3532 posthac
1136 3464 1332 3533 patres
1363 3456 1538 3518 multa
1585 3465 1644 3519 et
1687 3456 1994 3534 magnilica
2041 3474 2222 3535 super
2266 3456 2372 3517 ca'-
