2475 4000
753 249 961 296 mmm
989 251 1032 296 1.
1067 249 1217 298 cAP.
1241 249 1479 304 45—50.
2030 237 2109 298 25

118 411 349 484 partem
377 401 654 483 in'officio
684 402 912 478 vident,
958 402 1030 461 de
1061 403 1345 461 sententia
1372 403 1546 478 legati
1584 415 1828 467 statuunt
1856 417 2107 487 tempus,

123 505 246 566 quo
285 486 676 546 foedissimum.
717 503 1003 564 quemque
1051 493 1108 543 et
1155 485 1425 543 seditioni
1472 499 1787 564 promptum
1825 491 1984 552 ferro
2028 494 2107 550 in-

121 570 351 630 vadant.
405 579 540 630 tunc
569 571 739 646 signo
771 571 918 629 inter
937 581 1013 626 se
1045 568 1180 627 dato
1211 569 1538 646 inrumpunt
1568 572 1965 652 contubernia,
1994 585 2110 636 tru-

127 653 315 714 cidant
343 655 600 738 ignaros,¹
631 653 790 712 nullo
819 654 928 711 nisi
945 652 1205 712 consciis
1246 660 1530 710 noscente
1576 653 1728 728 quod
1770 659 1960 717 caedis
2006 661 2107 718 ini-

127 739 280 812 tium,
311 739 434 816 quis
463 739 610 797 finis.
2134 759 2181 798 15

240 821 339 882 49.
399 821 644 885 Diversa
692 821 966 895 omnium,
1015 835 1162 898 quae
1209 837 1476 898 umquam
1521 819 1831 894 accidere,
1871 822 2112 896 civilium

118 923 404 966 armorum
434 905 636 964 facies·
701 921 816 964 non
845 904 1097 983 proeli0,
1129 921 1246 962 non
1277 904 1540 963 adversis
1572 921 1607 962 e
1640 903 1868 979 castriS,
1909 905 2012 963 sed
2043 908 2111 964 is-

115 990 244 1048 dem
279 1007 314 1048 e
349 988 656 1064 cubilibus,
683 1004 828 1066 quos
859 988 1026 1047 simul
1052 989 1348 1046 vescentis
1385 988 1529 1064 dies,
1562 987 1728 1046 simul
1754 986 1982 1064 quietos
2005 1005 2131 1052 nox.

113 1073 418 1146 habuerat,
457 1069 758 1131 discedunt
787 1074 844 1132 in
873 1081 1092 1151 parteS,
1121 1073 1391 1148 ingerunt
1418 1072 1555 1132 tela.
1618 1071 1838 1130 clamor
1875 1071 2113 1132 vulnera

113 1159 354 1234 sanguis
389 1155 596 1234 palam,
627 1173 802 1216 causa
832 1158 887 1215 in
923 1155 1188 1222 occulto;
1231 1165 1426 1214 cetera
1472 1156 1595 1214 fors
1639 1157 1809 1232 regit.
1888 1163 1947 1214 et
1990 1157 2110 1234 qui·
2146 1180 2169 1216 5

113 1241 242 1300 dam
271 1240 558 1318 bonorum
593 1241 771 1315 caesi,
805 1247 1111 1318 postquam
1138 1237 1437 1298 intellecto
1480 1241 1536 1298 in
1578 1254 1725 1318 quos
1767 1240 2115 1314 saeviretur,

110 1326 358 1403 pessimi
397 1339 628 1402 quoque
657 1341 812 1384 arma
842 1330 1170 1400 rapuerant.
1217 1339 1408 1401 neque
1450 1323 1675 1400 legatus
1722 1332 1815 1381 aut
1857 1323 2115 1383 tribunus

109 1409 454 1468 moderator
485 1407 696 1466 adfuit:
745 1405 1231 1488 permissaovulgo
1270 1407 1501 1467 licentia
1536 1417 1707 1484 atque
1746 1407 1885 1467 ultio
1928 1417 1985 1467 et.
2026 1425 2113 1468 sa-

111 1492 312 1550 tietas.
389 1506 527 1548 mox
573 1491 872 1566 ingressus
917 1498 1102 1550 castra
1153 1489 1555 1567 Germanicus,
1610 1509 1724 1550 non
1771 1492 2111 1551 medicinam

110 1575 258 1634 illud
294 1573 554 1653 plurimis
599 1591 724 1632 cum
763 1574 1014 1633 lacrimis
1059 1573 1165 1634 sed
1213 1574 1434 1634 cladem
1480 1576 1819 1654 appellanS,
1868 1577 2112 1636 cremari
2138 1595 2183 1634 ιο

113 1674 374 1737 corpora
408 1655 585 1716 iubet.
1897 1727 1901 1732 ⁸

243 1747 463 1801 Truces
493 1743 660 1801 etiam
688 1751 802 1801 tum
834 1743 1050 1802 animos
1085 1742 1293 1821 cupido
1322 1742 1540 1802 involat
1570 1743 1744 1802 eundi
1779 1744 1834 1801 in
1862 1742 2109 1816 hostem,

110 1825 403 1905 piaculum
426 1824 668 1899 furoris3
707 1844 818 1885 nec
847 1827 1016 1888 aliter
1047 1831 1225 1905 pesse
1265 1827 1484 1904 placari
1518 1827 1960 1886 commilitonum
1992 1845 2110 1900 ma„-

108 1928 247 1984 neS,
283 1913 453 1988 quam
486 1910 534 1967 si
563 1909 903 1988 pectoribus
933 1912 1120 1988 impiis
1151 1910 1396 1969 honesta
1440 1908 1680 1966 vulnera
1722 1911 2108 1984 accepissent.

111 1995 375 2072 sequitur
407 1993 674 2054 ardorem
718 1995 954 2055 militum
1002 1991 1224 2071 Caesar
1266 1994 1579 2069 iunctoque
1632 2000 1808 2069 ponte
1855 1991 2111 2050 tramittit
2137 2009 2182 2047 15

111 2076 418 2137 duodecim
461 2078 614 2137 milia
661 2096 693 2135 e
749 2078 1268 2159 legionibuS,-sex
1312 2084 1373 2135 et
1418 2076 1617 2151 viginti
1662 2075 1856 2134 socias
1903 2074 2109 2134 cohor-

109 2162 208 2233 tis,
245 2167 383 2218 octo
416 2161 668 2235 equitum
705 2161 857 2236 alas,
900 2178 1138 2239 quarum
1184 2177 1255 2218 ea
1296 2159 1583 2219 seditione
1618 2162 1953 2219 intemerata
1992 2174 2111 2217 mo-

112 2242 305 2301 destia
338 2240 462 2298 fuit.
1946 2295 1961 2301 -

241 2322 343 2381 50.
388 2321 546 2381 Laeti
586 2342 776 2401 neque
819 2326 1026 2404 procul
1057 2326 1321 2387 Germani
1360 2328 1684 2404 agitabant,
1728 2329 1856 2388 dum
1898 2330 2111 2389 iustitio

116 2408 192 2466 ob
223 2406 496 2467 amissum
524 2404 874 2483 Augustum,
911 2415 1048 2488 post
1079 2409 1381 2469 discordiis
1418 2413 1737 2470 attinemur.
1808 2422 1866 2471 at
1906 2410 2111 2469 Roma-

115 2508 220 2548 nus
266 2490 495 2563 agmine
541 2504 794 2567 propero
835 2493 1042 2552 silvam
1086 2490 1351 2552 Caesiam
1394 2493 1745 2570 limitemque
1798 2512 1831 2552 a
1878 2492 2111 2552 Tiberio

119 2580 393 2650 coeptum
429 2572 669 2644 scindit,
721 2584 907 2633 castra
943 2577 999 2634 in
1031 2576 1210 2635 limite
1254 2576 1443 2649 locat,
1488 2576 1738 2634 frontem
1776 2592 1847 2633 ac
1890 2585 2113 2652 tergum

119 2656 298 2730 vallo,
333 2655 519 2714 latera
553 2655 940 2715 concaedibus
971 2659 1235 2718 munitus,
1296 2657 1429 2717 inde
1458 2657 1635 2717 saltus
1666 2658 1948 2719 obscuros
1979 2678 2109 2737 per·
2136 2674 2161 2714 5

120 2748 271 2798 meat
331 2738 735 2815 consultatque
792 2757 868 2798 ex
922 2741 1145 2802 duobus
1195 2740 1496 2801 itineribus
1538 2740 1720 2801 breve
1770 2751 1827 2801 et
1874 2743 2103 2802 solitum

121 2832 398 2900 sequatur
435 2840 505 2881 an
541 2822 850 2901 inpeditius
883 2832 941 2889 et
969 2826 1365 2903 intemptatum
1401 2840 1590 2904 eoque
1623 2826 1885 2886 hostibus
1918 2829 2110 2885 incau-

120 2913 252 2966 tum.
344 2906 576 2966 delecta
635 2906 901 2983 longiore
969 2909 1060 2967 via
1120 2918 1317 2969 cetera
1392 2909 1825 2971 adcelerantur:
1902 2911 2113 2970 etenim

124 2989 422 3050 attulerant
453 2990 860 3069 exploratores
895 2990 1104 3051 festam
1140 3011 1264 3052 eam
1293 2992 1589 3053 Germanis
1624 3004 1853 3054 noctem
1889 3014 1957 3054 ac
1994 2993 2111 3052 sol-

123 3070 400 3133 lemnibus
433 3073 618 3152 epulis
651 3074 948 3159 ludicram.
1012 3072 1268 3135 'Caecina
1300 3094 1423 3136 cum
1456 3078 1741 3157 expeditis
1776 3077 2107 3139 cohorti-bus
2130 3096 2181 3137 10

127 3160 352 3229 praeire
385 3166 444 3217 et
481 3158 762 3219 obstantia
807 3161 1078 3220 silvarum
1118 3160 1340 3219 amoliri
1384 3158 1637 3222 iubetur:
1681 3163 1947 3239 legiones
1988 3178 2108 3222 mo-

127 3236 249 3297 dico
282 3242 589 3302 intervallo
621 3253 955 3321 sequuntur.
1016 3245 1158 3303 iuvit
1197 3259 1315 3302 nox
1346 3244 1631 3303 sideribus
1662 3246 1937 3322 inlustris,
1970 3262 2107 3304 ven-

129 3325 352 3401 tumque
390 3325 460 3385 ad
505 3327 668 3385 vicos
700 3326 1020 3387 Marsorum
1065 3337 1123 3387 et
1167 3326 1551 3393 circumdatae
1595 3331 1872 3389 stationes
1918 3330 2107 3389 stratis

129 3406 290 3467 etiam
323 3417 440 3491 tum
469 3426 576 3485 per
618 3408 828 3469 cubilia
868 3421 1230 3492 propterque
1274 3428 1535 3487 mensaS,
1577 3412 1735 3472 nullo
1764 3424 1953 3490 metu,
1995 3431 2107 3473 non

129 3492 459 3568 antepositis
487 3492 730 3572 vigiliis:
781 3494 928 3554 adeo
959 3506 1160 3557 cuncta
1189 3497 1409 3555 incuria
1436 3495 1676 3556 disiecta
1721 3508 1879 3558 erant
1916 3514 2103 3577 neque
2126 3508 2177 3550 1⁶·
