2475 4000
950 206 1156 257 LIBER
1184 212 1261 257 11.
2020 198 2095 259 41

173 372 360 413 torum.
429 362 688 427 Astrologi
719 370 769 410 et
791 362 932 426 magi
955 376 1020 411 ex
1045 363 1190 411 Italia
1211 362 1363 426 pulsi.
1414 363 1500 413 33.
1522 364 1693 417 Luxus
1714 368 1948 433 publicus
1975 366 2102 416 levi·

173 440 256 479 ter
279 432 542 489 coercituS,
587 445 736 494 quem
771 430 998 479 defendit
1022 431 1247 479 Asinius.
1309 430 1393 480 34.
1439 430 1632 481 Pisonis
1664 435 1893 497 libertas,
1933 436 2001 487 Ur
2040 451 2100 485 u-

177 500 338 547 laniae
362 499 599 563 potentia.
663 497 748 549 35.
777 498 853 547 De
878 499 1029 547 rebus
1054 498 1373 562 proferendis
1400 505 1647 549 certamen
1668 503 1721 551 in
1748 514 1942 554 senatu.
2002 451 2095 555 36.

177 568 340 617 Asinii
373 568 620 617 sententia
653 567 716 616 de
753 567 997 627 comitiis,
1035 580 1065 615 a
1089 566 1289 615 Tiberio
1322 566 1527 614 reiecta.
1596 566 1679 615 37.
1706 568 1789 618 38.
1812 572 2001 622 Hor-tali
2024 574 2098 622 le-

173 642 456 685 vamentum
485 636 688 701 inopiae
713 650 836 685 suae
861 638 1115 699 poscentis
1137 637 1415 685 orationem
1439 648 1619 697 aspere
1644 638 1827 700 excipit
1850 639 2095 700 Tiberius,

172 714 336 753 tamen
359 703 532 753 liberis
566 706 675 753 eius
718 702 946 753 nonnihil
988 704 1222 768 largitur.
1284 702 1373 755 39.
1407 702 1679 753 Clementis
1718 706 1851 753 servi
1884 706 2096 757 facinus.

173 775 224 822 Is
269 773 558 821 Postumum
577 772 862 841 Agrippam
889 786 945 821 se
972 773 1212 821 mentitus
1252 772 1470 838 principi
1508 786 1681 819 curam
1713 772 1879 830 inicit,
1904 774 1987 823 40.
2012 776 2102 823 sed

172 840 391 889 Sallustii
427 840 594 907 Crispi
637 841 752 891 dolo
777 849 954 906 captus
981 841 1239 897 occiditur.
1300 842 1387 890 41.
1415 834 1931 889 Romae'dedicsutur
1972 855 2101 889 nova

167 923 344 974 opera.
567 924 571 930 ·

267 996 418 1043 Anno
440 996 671 1060 proximo
689 994 966 1060 triumphat
987 992 1331 1045 Germanicus.
1374 996 1459 1045 42.
1489 994 1769 1044 Archelaus
1794 1008 1887 1042 rex
1913 992 2108 1058 Cappa:

159 1064 345 1112 docum
365 1064 418 1111 in
443 1064 619 1112 urbem
643 1065 831 1113 accitus
853 1064 1002 1128 perit.
1063 1062 1149 1113 43.
1176 1062 1355 1112 Oriens
1379 1064 1610 1113 turbatus
1635 1058 1963 1112 committitur
1984 1060 2105 1113 Ger.-

157 1134 360 1181 manico
373 1169 390 1193 ‚
411 1132 604 1193 Pisoni,
621 1131 1012 1194 feroci-homini,
1036 1130 1198 1181 Suria.
1223 1132 1311 1181 44.
1331 1131 1529 1181 Drusus
1550 1134 1604 1181 in
1624 1132 1879 1195 Illyricum
1898 1131 2105 1189 missus,

159 1200 348 1249 Suebis
383 1209 558 1250 contra
593 1198 872 1251 Cheruscos
899 1200 1144 1249 auxilinm
1171 1199 1478 1264 petentibuS.
1539 1200 1629 1249 45.
1663 1202 1739 1250 Ita
1763 1201 1893 1247 inter
1921 1214 1977 1248 se
2002 1198 2106 1247 dis-

157 1269 341 1318 cordes
368 1268 604 1318 Germani
640 1269 972 1335 accinguntur
1007 1268 1072 1317 ad
1105 1283 1349 1333 pugnam.
1418 1270 1637 1321 Arminii
1672 1269 1737 1317 ad
1775 1282 1896 1317 suos
1925 1269 2102 1316 oratio.

155 1336 245 1387 46.
273 1337 570 1387 Marobodui
589 1338 707 1386 item
727 1338 792 1387 ad
811 1351 949 1387 suos.
974 1354 978 1359 ·
999 1335 1162 1385 Atrox
1180 1337 1445 1403 proelium,
1471 1337 1811 1387 Maroboduus
1830 1352 1923 1403 pro
1950 1336 2099 1384 vict0.

157 1407 246 1455 47.
273 1404 360 1454 48.
387 1406 572 1455 Terrae
593 1414 760 1455 motus
783 1406 837 1453 in
863 1404 1004 1453 Asia.
1028 1404 1101 1454 Eo
1126 1404 1341 1454 afflictos
1366 1406 1595 1455 sublevat
1618 1405 1869 1465 Tiberius,
1896 1407 1946 1453 in
1970 1405 2100 1453 alios

159 1488 266 1523 non
283 1474 450 1522 minus
471 1474 709 1523 liberalis.
735 1473 820 1523 49.
840 1473 1046 1537 Templa
1068 1474 1311 1537 quaedam
1334 1475 1578 1525 dedicata.
1616 1473 1700 1523 50.
1733 1473 1921 1523 Varilia
1940 1474 2099 1522 maie—-

161 1543 310 1591 statis
335 1542 605 1605 postulata.
659 1540 744 1591 51.
769 1540 843 1591 De
861 1551 1090 1607 praetore
1110 1542 1461 1593 substituendo
1482 1544 1751 1593 contentio,
1805 1542 1888 1591 52.
1915 1542 2098 1591 Tacfa-

155 1611 377 1659 rinatem
412 1618 460 1659 et
483 1609 770 1675 Mazippam
807 1610 990 1659 bellum
1036 1612 1087 1659 in
1120 1610 1297 1660 Africa
1312 1620 1590 1683 ⁸moventes
1632 1611 1801 1661 fundit
1840 1611 2095 1661 Camillus.

157 1677 510 1743 Triumphalia
534 1679 580 1727 ei
606 1679 822 1728 decreta.
1840 1687 1843 1691 “

261 1780 348 1831 53.
374 1779 652 1831 Germanici
675 1782 822 1831 varia
837 1782 1032 1832 itinera.
1081 1781 1166 1831 54.
1190 1782 1421 1833 Consulit
1442 1785 1495 1833 in
1516 1784 1685 1833 reditu
1700 1783 1919 1835 Clarium
1934 1783 2095 1849 Apol—

152 1850 326 1899 linem.
396 1850 592 1900 Oraculi
630 1852 775 1901 ratiO.
837 1850 922 1900 55.
961 1850 1078 1899 Piso
1119 1858 1168 1898 et
1198 1866 1330 1900 uxor
1355 1851 1597 1900 Plancina
1623 1850 1973 1901 Germanicum
2016 1854 2095 1901 in-

153 1926 438 1978 sectantur;
477 1921 627 1968 etiam
653 1928 819 1969 castra
847 1926 1188 1983 corrumpunt.
1253 1918 1337 1968 56.
1366 1917 1694 1967 Germanicus
1720 1919 1991 1967 Armeniae
2014 1934 2095 1967 re-

136 2003 302 2053 .gem‚
335 1986 682 2054 Cappadociae
711 1996 759 2038 et
785 1988 1154 2053 Commagenae
1177 1987 1378 2052 legatos
1403 1986 1631 2051 imponit.
1680 1984 1761 2034 57.
1792 1985 1991 2035 Pisonis
2017 1987 2095 2034 in-

151 2057 374 2106 solentia
409 2059 463 2106 in
493 2071 802 2122 congressu,
839 2056 1048 2106 consilio
1072 2093 1085 2118 ,
1123 2054 1387 2104 conviviis
1452 2054 1536 2104 58.
1563 2055 1806 2102 Vonones
1838 2052 1983 2102 Suria
2008 2054 2095 2103 de-

152 2134 348 2174 motuS.
401 2124 485 2174 59.
514 2123 839 2174 Germanicus
855 2126 1162 2189 ‚Aegyptum
1188 2124 1315 2188 petit
1338 2158 1352 2184 ‚
1392 2124 1707 2188 improbante
1730 2122 1947 2172 Tiberio.
2009 2120 2093 2172 60.

154 2194 415 2253 Canopus.
463 2191 664 2240 Thebae
684 2195 896 2256 priscae.
947 2192 1031 2242 61.
1060 2191 1235 2240 Statua
1260 2190 1557 2253 Memnonis,
1585 2192 1875 2257 pyramides
1902 2199 1951 2240 et
1978 2191 2099 2240 alia.

87 2274 95 2282 ⁸
155 2260 244 2309 62.
283 2255 644 2307 Germanorum
686 2261 998 2319 discordiae,
1039 2266 1152 2308 astu
1175 2259 1347 2308 Drusi.
1408 2260 1491 2314 63.
1544 2259 1885 2310 Maroboduus
1924 2261 1971 2310 vi
2000 2259 2094 2310 Ca-

154 2326 364 2376 tualdae
387 2323 566 2389 pulsus
588 2325 817 2392 confugit
839 2328 904 2375 ad
925 2327 1194 2376 Romanos..
1231 2327 1422 2378 Eadem
1440 2345 1561 2380 mox
1580 2331 1783 2379 fortuna
1800 2328 2089 2379 Catualdae.

153 2396 244 2446 64.
273 2392 618 2458 Rhescuporis
635 2431 647 2454 ‚
679 2393 834 2458 Cotye
857 2394 1030 2445 fratris
1059 2395 1160 2443 filio
1186 2411 1431 2460 oppresso
1449 2436 1465 2460 ,.
1489 2400 1767 2448 Romanam
1792 2397 2092 2446 divisionem
2120 2409 2127 2416 ·

155 2476 436 2529 egressnS,
468 2461 604 2510 illius
625 2471 817 2527 partem
845 2464 1049 2529 appetit.
1103 2463 1186 2514 65.
1215 2465 1333 2529 Ipso
1359 2483 1450 2532 per
1472 2467 1707 2517 fraudem
1730 2465 2091 2529 comprehenso

155 2533 452 2582 universam
479 2529 738 2581 Thraciam
777 2539 999 2598 occupat.
1070 2531 1156 2583 66.
1197 2533 1325 2582 Hinc
1358 2545 1564 2585 vocatus
1604 2534 1669 2582 ad
1692 2547 1897 2582 causam
1922 2533 2093 2581 dicen-

157 2601 278 2650 dam
311 2598 472 2663 Cotyn
499 2599 692 2648 occidit.
747 2601 830 2652 67.
855 2600 1065 2650 Romam
1085 2602 1359 2666 perductus
1386 2611 1439 2652 et'
1457 2605 1741 2654 damnatus,
1805 2600 1890 2652 68.
1920 2601 2093 2650 Vono-

156 2685 248 2719 nes
274 2667 453 2731 fugam
478 2673 664 2727 tentat3
691 2677 741 2717 at
762 2668 1106 2736 deprehensus
1129 2669 1436 2721 confoditur.
1476 2671 1559 2722 69.
1574 2667 1899 2720 Germanicus
1911 2683 2091 2736 aegro-

153 2747 256 2797 tat,
287 2736 504 2797 scelere,
543 2743 600 2784 ut
621 2737 866 2799 creditur,
907 2732 1104 2788 Pisonis
1123 2775 1137 2801 ‚
1201 2739 1285 2788 70.
1323 2741 1405 2788 cui
1431 2740 1701 2788 amicitiam
1731 2739 1984 2793 renuntiat
2003 2751 2091 2786 ve-

154 2814 262 2855 tere
300 2819 456 2854 more.
517 2805 602 2857 71.
643 2806 728 2854 72.
769 2805 1004 2865 Mandata
1035 2806 1369 2858 familiaribus
1406 2809 1595 2858 ultione
1630 2808 1861 2872 datisque
1884 2803 2091 2869 coniugi

155 2874 360 2923 monitis
398 2875 624 2923 moritur.
689 2874 773 2926 73.
813 2874 1104 2925 Alexandro
1140 2876 1327 2942 Magno
1364 2884 1683 2942 comparatus
1728 2885 1777 2926 et
1811 2877 2087 2942 praelatus·

158 2943 237 2992 74.
289 2941 488 2992 Sentius
530 2941 704 2994 Suriae
737 2943 1038 3009 praeficitur.
1098 2945 1180 2994 75.
1213 2946 1499 3012 Agrippina
1534 2954 1771 3012 properat
1804 2949 1856 2997 in
1894 2945 2088 2994 urbem.

155 3009 330 3060 Pisoni
355 3006 634 3060 Germanici
659 3027 781 3062 casu
806 3010 1078 3062 exsultanti
1101 3015 1318 3063 reditum
1338 3017 1389 3063 in
1417 3013 1611 3064 Suriam
1640 3015 1900 3064 dissuadet
1927 3014 2089 3066 filius;

155 3078 239 3127 77.
271 3077 354 3129 78.
402 3079 580 3128 suadet
615 3090 790 3131 contra
817 3081 1065 3130 Domitius
1089 3079 1229 3130 Celer
1267 3098 1325 3132 ac
1364 3072 1685 3148 persuadet.'
1723 3084 1808 3134 79.
1834 3083 1951 3132 Piso
1988 3081 2091 3129 vim

156 3161 342 3210 parans
384 3149 438 3198 in
467 3163 810 3200 successorem
835 3148 1063 3199 Sentium
1090 3149 1287 3199 obviam
1310 3151 1365 3200 fit
1386 3151 1719 3218 Agrippinae.
1780 3151 1867 3202 80.
1898 3149 2091 3202 Castel-

156 3215 258 3264 lum
285 3225 520 3282 occupat‚
546 3219 705 3268 aciem
730 3219 898 3268 struit:
926 3219 1017 3268 sed
1041 3218 1243 3283 pellitur
1266 3235 1297 3268 a
1322 3218 1513 3272 Sentio.
1564 3221 1650 3271 81.
1677 3221 1901 3270 Tandem
1926 3227 2091 3269 tutum

158 3284 202 3332 ei
241 3285 336 3334 iter
380 3285 590 3334 Romam
633 3289 940 3338 conceditur.
1009 3286 1096 3338 82.
1140 3287 1216 3337 Ibi
1254 3302 1441 3354 magna
1482 3289 1543 3338 ob
1588 3304 1763 3338 necem
1805 3288 2087 3338 Germanici

158 3351 230 3399 ira
269 3361 318 3402 et
370 3354 550 3406 luctus,
631 3353 716 3406 83.
757 3357 986 3406 Honores
1024 3358 1072 3404 ei
1119 3356 1323 3407 decreti.
1398 3356 1483 3408 84.
1515 3358 1658 3407 Livia
1687 3358 1850 3408 Druso
1895 3357 2086 3424 gemel-

159 3418 232 3468 los
275 3422 425 3486 parit.
495 3421 582 3472 85.
615 3423 749 3473 Soita
785 3426 836 3473 in
863 3424 1120 3474 libidinem
1151 3426 1435 3474 mulierum.
1485 3427 1639 3476 Pulsa
1666 3441 1809 3476 saera
1828 3427 2086 3494 Aegyptia

160 3496 206 3536 et
226 3489 446 3540 Iudaica.
507 3489 592 3542 86.
619 3491 774 3558 Capta
793 3493 1030 3544 Vestalis.
1084 3493 1169 3546 87.
1205 3495 1475 3545 Frumento
1503 3497 1721 3564 pretium
1742 3499 2080 3548 constitutum.
