2475 4000
734 172 945 245 nmen
966 173 1081 219 xv.
1100 172 1266 219 cap.
1297 170 1526 224 6—-11.
1825 213 1838 227 χ
2001 160 2124 252 287

108 343 337 402 magna
371 328 573 403 specie
600 326 982 404 volitabant),
1024 344 1205 387 naves
1249 325 1632 402 magnitudine
1675 336 2038 405 praestantes
2068 338 2126 387 et

114 420 389 471 conexas
418 410 675 470 trabibus
718 430 789 471 ac
818 410 1067 470 turribus
1100 419 1297 471 auctas
1327 412 1448 485 agit
1479 426 1585 488 per
1615 428 1834 470 amnem
1873 413 2122 492 catapul-
2148 435 2175 475 5

112 497 321 571 tisque
352 502 409 553 et
444 494 667 555 balistis
701 494 1001 573 proturbat
1033 494 1349 570 barbaros,
1392 495 1450 552 in
1487 509 1634 571 quos
1664 512 1803 555 saxa
1835 504 1894 554 et
1926 495 2124 557 hastae

111 578 361 653 longius
393 578 797 663 permeabant,
844 598 1011 657 quam
1044 588 1103 639 ut
1134 578 1424 639 contrario
1459 578 1796 653 sagittarum
1835 580 1984 640 iactu
2029 580 2124 641 ad-

114 671 538 739 aequarentur.
619 661 751 723 dein
794 681 943 741 pons
985 665 1348 723 continuatus
1391 661 1696 741 collesque
1740 660 1970 721 adversi
2019 682 2128 743 per

112 748 326 807 socias
356 744 631 807 cohortes
647 756 827 825 ,post
852 747 1149 823 legionum
1184 749 1390 807 castris
1423 754 1812 845 occupantur,
1847 755 2000 806 tanta
2033 766 2124 807 ce-

111 832 359 891 leritate
396 838 455 889 et
491 793 878 891 ostentatione
906 833 1139 908 virium,
1178 841 1235 891 ut
1263 830 1456 893 Parthi
1487 830 1700 890 omisso
1735 839 1938 908 paratu
1969 832 2122 890 inva-
2146 850 2196 891 ιο

113 913 356 975 dendae
388 914 591 975 Suriae
620 926 785 994 spem
816 932 1041 975 omnem
1071 918 1130 975 in
1160 916 1489 975 Armeniam
1519 923 1836 990 verterent,
1861 913 1958 973 ubi
1986 913 2124 973 Pae-

113 1010 219 1059 tus
262 999 669 1059 imminentium
709 1001 940 1059 nescius
986 1002 1235 1079 quintam
1274 999 1566 1076 legionem
1615 998 1818 1077 procul
1858 1000 1915 1057 in
1943 998 2126 1058 Ponto

110 1082 401 1158 habebat,
429 1083 681 1162 reliquas
704 1085 1011 1162 promiscis
1032 1084 1267 1144 militum
1286 1081 1701 1143 commeatibus
1722 1082 2127 1159 infirmaverat,

115 1167 321 1227 donec
342 1166 656 1227 adventare
678 1168 1021 1244 Vologesen
1042 1184 1254 1243 magno
1281 1176 1338 1226 et
1361 1168 1588 1227 infenso
1611 1168 1840 1243 agmine
1861 1165 2126 1226 auditum.

260 1252 361 1313 10.
400 1248 641 1311 Accitur
672 1252 829 1329 legio
864 1250 1244 1328 duodecuma,
1277 1260 1335 1311 et
1363 1250 1513 1311 unde
1543 1250 1750 1311 famam
1781 1251 1930 1309 aucti
1962 1268 2128 1309 exer-

120 1338 282 1397 citus
323 1345 696 1413 speraverat,
746 1333 973 1413 prodita
1026 1335 1467 1415 infrequentia,
1497 1353 1608 1413 qua
1661 1344 1850 1395 tamen
1894 1335 2127 1394 retineri

121 1428 324 1481 castra
364 1428 424 1479 et
464 1418 619 1479 eludi
657 1419 897 1485 Parthus
938 1428 1123 1479 tractu
1161 1419 1301 1480 belli
1339 1428 1608 1499 poterat,
1658 1420 1706 1478 si
1736 1419 1914 1488 Paeto
1947 1426 2044 1478 aut
2073 1418 2130 1475 in

118 1507 253 1565 suis
296 1512 393 1563 aut
431 1506 489 1563 in
528 1504 733 1563 alienis
756 1503 1037 1565 -consiliis
1082 1504 1403 1566 constantia
1440 1504 1675 1565 fuisset:
1715 1520 1912 1569 verum
1955 1501 2054 1561 ubi
2098 1520 2130 1561 a

122 1590 273 1649 viris
307 1586 645 1648 militaribus
678 1586 957 1647 adversus
988 1597 1301 1664 urguentes
1333 1604 1502 1649 casus
1529 1588 1783 1649 firmatus
1815 1595 1976 1663 erat„
2001 1592 2131 1645 rur-'
2149 1606 2174 1645 5

119 1668 261 1749 sus,
310 1689 383 1730 ne
423 1671 651 1732 alienae
695 1674 1016 1733 sententiae
1047 1672 1313 1749 indigens
1345 1672 1668 1748 videretur,
1713 1673 1772 1731 in
1800 1671 2030 1731 diversa
2059 1688 2132 1729 ac

120 1757 424 1817 deteriora
453 1756 748 1817 transihat.
810 1766 870 1816 et
908 1766 1043 1817 tunc
1082 1757 1304 1817 relictis
1337 1756 1594 1816 hibernis
1625 1772 1740 1815 nou
1782 1756 2000 1815 fossam
2031 1772 2128 1813 ne-

122 1858 249 1919 que
278 1839 488 1900 vallum
520 1840 661 1919 sibi,
704 1839 809 1901 sed
840 1857 1092 1920 corpora
1126 1849 1185 1899 et
1216 1858 1372 1899 arma
1417 1842 1474 1897 in
1511 1840 1738 1897 hostem
1775 1838 1902 1898 data
1937 1839 2128 1899 clami-

55 1982 65 1992 ,
120 1934 295 2001 tans,
328 1923 487 1985 duxit
516 1925 785 2004 legiones
816 1926 979 2005 quasi
1010 1925 1241 2004 proelio
1275 1931 1612 1986 certaturus.
1677 1921 1884 1980 deinde
1917 1924 2128 1981 amisso

124 2011 473 2070 centurione
512 2020 571 2070 et
602 2012 803 2089 paucis
840 2009 1144 2084 militibus,
1190 2025 1340 2086 quos
1374 2005 1632 2066 visendis
1662 2005 1911 2064 hostium
1943 2007 2127 2084 copiis
2145 2025 2196 2066 10

124 2094 547 2172 praemiserat,
578 2094 839 2172 trepidus
878 2093 1180 2152 remeavit.
1238 2100 1300 2150 et
1330 2092 1463 2169 quia
1491 2090 1676 2149 minus
1707 2090 1918 2148 acriter
1949 2089 2128 2149 Volo-

27 2245 29 2250 ,
124 2191 317 2251 geses
346 2176 659 2253 institerat,
700 2193 850 2236 vana
890 2194 1088 2235 rursus
1120 2174 1325 2234 fiducia
1357 2175 1463 2233 tria
1491 2173 1644 2234 milia
1679 2173 1890 2233 delecti
1923 2172 2130 2252 peditis
2159 2189 2166 2196 ’

128 2257 405 2337 proximo
442 2258 612 2318 Tauri
642 2261 780 2338 iugo
814 2261 1113 2338 imposuit,
1149 2276 1265 2336 quo
1300 2259 1593 2318 transitum
1633 2259 1793 2334 regis
1834 2267 2127 2326 arcerent;

127 2341 329 2402 alares
378 2359 611 2425 quoque
655 2344 1017 2418 Pannonios,
1063 2342 1244 2414 robur
1283 2343 1598 2421 equitatus,
1647 2344 1705 2401 in
1748 2350 1912 2421 parte
1945 2343 2131 2420 campi

123 2427 311 2486 locat.
374 2428 620 2486 coniunx
652 2445 724 2487 ac
752 2427 902 2488 lilius
931 2427 1208 2503 castelle,
1255 2428 1345 2487 cui
1375 2426 1750 2486 Arsamosata
1780 2441 1988 2485 nomen
2019 2435 2124 2501 est,
2152 2446 2200 2486 15

126 2508 341 2588 abditi,
372 2509 503 2570 data
532 2513 589 2570 in
619 2510 965 2591 praesidium
1002 2511 1246 2571 cohorte
1279 2528 1350 2570 ac
1383 2509 1652 2588 disperso
1694 2509 1906 2584 milite,
1952 2510 2048 2587 qui
2076 2511 2134 2566 in

128 2611 249 2654 uno
294 2593 521 2654 habitus
562 2613 772 2672 vagum
817 2594 1041 2655 hostem
1082 2595 1404 2674 promptius
1445 2594 1905 2654 sustentavisset.
1950 2593 2029 2633 **
2075 2601 2132 2651 et

131 2695 320 2754 aegre
363 2679 721 2758 compulsum
764 2680 983 2756 ferunt,
1027 2688 1089 2738 ut
1127 2680 1450 2739 instantem»
1478 2675 1794 2736 Corbuloni
1835 2675 2131 2739 fateretur.

130 2779 249 2820 nec
272 2779 305 2822 a
330 2761 663 2823 Corbulone
686 2772 1081 2842 properatum,
1116 2780 1229 2840 quo
1251 2760 1632 2840 gliscentibus
1668 2760 1939 2840 periculis
1963 2761 2132 2820 etiam

132 2844 377 2906 subsidii
408 2846 533 2907 laus
566 2856 897 2924 augeretur.
958 2846 1221 2926 expediri
1262 2855 1450 2908 tamen
1490 2847 1679 2904 itineri
1724 2844 1948 2920 singula
1977 2844 2127 2903 milia
2150 2861 2203 2902 20

134 2948 213 2988 ex
252 2930 439 2992 tribus
468 2931 797 3008 legionibus
838 2940 898 2990 et
926 2931 1142 2992 alarios
1176 2932 1582 3007 octingentos,
1611 2947 1811 3008 parem
1839 2945 2132 2987 numerum

136 3031 171 3072 e
206 3014 547 3076 cohortibus
577 3017 761 3075 iussit.

126 3090 133 3101 '
270 3099 367 3158 11.
415 3100 494 3159 At
520 3098 872 3176 Vologeses,
906 3099 1165 3176 quamvis
1194 3097 1440 3158 obsessa
1472 3115 1505 3158 a
1533 3097 1712 3157 Paeto
1756 3063 1959 3155 itinera
1999 3095 2132 3154 hinc

140 3182 396 3262 peditatu
423 3183 559 3245 inde
588 3185 781 3262 equite
810 3182 1177 3260 accepisset,
1217 3181 1354 3241 nihil
1379 3189 1592 3240 mutato
1627 3179 1902 3255 consilio,
1940 3179 2043 3239 sed
2073 3181 2131 3238 vi

140 3281 213 3324 ac
266 3267 431 3328 minis
464 3268 655 3329 alares
698 3268 1007 3341 exterruit,
1054 3266 1412 3342 legionarios
1455 3264 1720 3340 obtrivit,
1764 3281 1878 3323 uno
1919 3274 2131 3324 tantum

144 3352 480 3411 centurione
524 3351 817 3430 Tarquitio
862 3350 1181 3411 Crescente
1233 3351 1463 3424 turrim,
1518 3351 1575 3408 in
1629 3363 1740 3426 qua
1785 3348 2131 3427 praesidium

140 3432 427 3511 agitabat,
468 3434 783 3496 defendere
813 3452 954 3496 auso
988 3434 1262 3511 factaque
1305 3435 1536 3514 saepius
1569 3433 1871 3512 eruptione
1907 3441 1966 3492 et
1998 3451 2124 3492 cae·
2150 3455 2179 3494 ⁵
2233 3425 2242 3432 ⁸
