2475 4000
403 195 527 256 238
906 203 1234 256 commu
1259 171 1494 253 &sonu
1515 177 1880 250 ANNAmuM

398 361 516 420 bitu
540 359 940 436 suffragiorum
968 366 1262 436 suspecto,
1295 365 1452 415 sorte
1470 356 1828 418 ducebantur
1855 373 1930 417 ex
1955 373 2196 418 numero
2229 376 2406 438 prae·

375 453 582 503 ‘torum
616 444 711 520 qui
742 451 1101 521 praeessent.
1162 453 1370 518 neque·
1404 440 1461 500 id
1493 441 1584 500 diu
1613 443 1848 516 mansit,
1901 443 2034 518 quia
2067 459 2198 502 sors
2229 443 2406 503 deer-

349 545 375 585 5
398 525 563 586 rabat
608 523 681 585 ad
716 541 915 604 parum
952 525 1217 586 idoneos.
1295 533 1428 583 tunc
1465 523 1733 584 Claudius
1777 534 2121 603 quaestores
2167 543 2407 586 rursum

396 610 695 688 imposuit,
741 610 958 688 iisque,
998 624 1071 668 ne
1100 616 1254 668 metu
1297 607 1676 668 offensionum
1725 609 1964 684 segnius
1995 609 2403 686 consulerent,

399 703 562 754 extra
606 693 862 753 ordinem
898 693 1159 758 ,honores
1204 693 1495 769 promisit:
1549 690 1653 751 sed
1709 689 1912 752 deerat
1963 691 2149 752 robur
2186 698 2405 753 aetatis

399 794 525 838 eum
557 779 794 856 primum
820 777 1209 853 magistratum
1234 771 1689 853 capessentibus.
1738 776 1912 852 igitur
1929 776 2091 836 Nero
2120 787 2405 856 praetura

397 861 736 940 perfunctos
767 869 823 919 et
853 859 1210 938 experientia
1240 857 1522 937 probatos
1549 859 1786 936 delegit.
1869 907 1874 910 .

517 943 617 1006 30.
664 943 972 1005 Damnatus
1002 943 1186 1002 isdem
1216 939 1550 1004 consulibus
1572 943 1884 1021 Vipsanius
1903 942 2127 1002 Laenas
2156 941 2232 1001 ob
2257 943 2400 1002 Sar-

394 1029 602 1088 diniam
635 1029 995 1106 provinciam
1035 1041 1209 1087 avare
1240 1026 1510 1089 habitam.
1579 1023 1880 1086 absolutus
1909 1024 2142 1086 Cestius
2173 1025 2398 1086 Procu-

392 1113 483 1173 lus
530 1111 1004 1190 repetundarum,
1063 1108 1438 1171 Cretensibus
1477 1109 1901 1170 accusantibus.
1980 1108 2220 1170 Clodius
2253 1110 2398 1184 Qui·

392 1194 621 1270 riualis,
663 1194 817 1274 quod
850 1195 1183 1274 praefectus
1210 1195 1522 1270 remigum,
1559 1193 1654 1271 qui
1683 1191 1994 1252 Ravennae
2022 1192 2398 1271 haberentur,

266 1351 275 1358 ·
346 1280 553 1339 svelut
597 1280 843 1340 infimam
882 1278 1167 1338 nationum
1210 1276 1430 1338 Italiam
1467 1277 1689 1337 luxurIa
1733 1279 2088 1355 saevitiaque
2128 1276 2394 1336 adflicta·

304 1363 311 1374 ⁸
390 1365 609 1438 visset,
664 1377 894 1422 veneno
936 1361 1350 1422 damnationem
1393 1361 1607 1422 anteiit.
1678 1359 1947 1420 Caninius
1983 1360 2252 1436 Rebilus,
2309 1379 2396 1419 ex

394 1444 741 1524 primoribus
773 1447 979 1522 peritia
1013 1445 1208 1522 legum
1238 1453 1297 1504 et
1325 1445 1608 1524 pecuniae
1637 1444 2053 1522 magnitudine,
2101 1445 2398 1504 cruciatus

286 1579 293 1583 ,
394 1545 611 1604 aegrae
642 1536 915 1601 senectae
949 1531 1161 1587 emisso
1190 1547 1298 1606 per
1319 1543 1497 1588 venas
1529 1531 1808 1606 sanguine
1829 1529 2050 1605 effugit,
2081 1527 2235 1588 haud
2267 1547 2392 1586 cre-

394 1611 545 1672 ditus
574 1611 849 1670 sufficere
880 1610 951 1674 ad
986 1614 1360 1672 constantiam
1393 1612 1700 1672 sumendae
1733 1614 1966 1689 mortis,
2011 1611 2088 1670 ob
2119 1611 2395 1672 libidines

324 1715 372 1755 10
395 1693 753 1755 muliebriter
793 1693 1036 1755 infamis.
1110 1704 1169 1754 at
1193 1695 1258 1754 L.
1286 1695 1572 1763 ‘Volusius
1615 1697 1858 1772 egregia
1895 1695 2044 1756 fama
2077 1697 2396 1771 concessit,

395 1780 485 1838 cui
524 1787 647 1838 tres
703 1786 761 1837 et
802 1779 1114 1856 nonaginta
1160 1781 1292 1850 anni
1337 1781 1580 1858 spatium
1630 1779 1859 1839 vivendi
1917 1781 2394 1858 praecipuaeque

394 1878 541 1942 opes
582 1862 752 1922 bonis
784 1862 1001 1922 artibus
1032 1861 1314 1923 inoffensa
1345 1865 1432 1922 to't
1459 1863 1867 1942 imperatorum
1895 1862 2108 1923 malitia
2138 1863 2392 1923 fuerunt.

516 1945 617 2009 31.
661 1945 897 2008 Nerone
942 1948 1146 2007 iterum
1171 1947 1234 2007 L.
1265 1946 1477 2008 Pisone
1519 1946 1856 2007 consulibus
1893 1963 2078 2027 pauca
2111 1947 2396 2007 memoria

392 2032 565 2109 digna
596 2048 851 2091 evenere
869 2076 887 2109 ,
925 2032 1035 2091 nisi
1066 2034 1159 2091 eui
1185 2032 1362 2091 libeat
1393 2030 1686 2092 laudandis
1715 2031 2097 2092 fundamentis
2129 2041 2188 2090 et
2214 2030 2392 2092 trabi-

390 2115 531 2191 bus,
578 2117 706 2192 quis
747 2114 959 2175 molem
1001 2115 1404 2195 amphitheatri
1449 2114 1602 2193 apud
1643 2131 1902 2194 eampum
1929 2114 2131 2174 Martis
2171 2113 2394 2180 Caesar

393 2205 754 2273 extruxerat,
800 2198 1087 2259 volumina
1131 2200 1407 2279 implere,
1451 2216 1576 2259 cum
1619 2212 1696 2257 ex
1736 2198 2011 2275 dignitate
2039 2198 2247 2277 populi
2273 2200 2388 2259 Ro·

344 2302 369 2341 5
394 2281 543 2341 mani
571 2289 865 2359 repertum
893 2284 969 2345 sit
1010 2299 1108 2342 res
1140 2284 1412 2343 inlustres
1441 2281 1768 2358 annalibus,-
1813 2282 1948 2341 talia
1981 2282 2200 2341 diurnis
2231 2282 2390 2341 urbis

392 2364 537 2425 actis
564 2363 853 2425 man-dare.
930 2374 1184 2425 ceterum
1220 2366 1486 2427 coloniae
1518 2365 1714 2445 Capua
1744 2374 1916 2443 atque
1947 2364 2200 2425 Nuceria
2229 2364 2386 2425 addi-

390 2450 473 2508 tis·
492 2449 783 2507 veteranis
808 2449 1061 2509 firmatae
1094 2459 1254 2526 sunt,
1285 2449 1596 2528 plebeique
1629 2450 1986 2525 congiarium
2009 2448 2387 2527 quadringeni

388 2532 597 2591 nummi
632 2533 840 2591 viritim
876 2532 1023 2609 dati,
1070 2541 1129 2591 et
1154 2534 1479 2593 sestertium
1509 2532 2014 2612 quadringentiens
2042 2533 2263 2592 aerario
2299 2534 2385 2589 in-

390 2616 561 2676 latum
595 2624 687 2674 est
713 2616 786 2676 ad
814 2615 1167 2676 retinendam
1196 2617 1399 2695 populi
1427 2617 1614 2677 iidem.
1675 2616 1927 2693 vectigal
1964 2632 2191 2695 quoque
2221 2615 2386 2693 quin-

321 2712 373 2752 10
396 2708 491 2759 tae
536 2708 594 2758 et
640 2700 986 2761 vicensimae
1028 2698 1313 2759 venalium
1354 2702 1766 2779 mancipiorum
1801 2702 2136 2776 remissum,
2183 2699 2388 2779 specie

390 2784 575 2861 magis
608 2799 773 2859 quam
806 2783 893 2860 vi,
924 2785 1053 2862 quia
1084 2799 1209 2842 cum
1235 2785 1505 2844 venditor
1535 2784 1792 2863 pendere
1821 2783 2136 2859 iuberetur,
2167 2784 2228 2843 in
2255 2798 2386 2861 par·

390 2876 504 2927 tem
550 2866 732 2945 pretii·
764 2865 1116 2944 emptoribus
1154 2866 1550 2928 adcrescebat.
1637 2868 1812 2927 edixit
1852 2867 2106 2945 Caesar,
2153 2879 2229 2926 nc
2261 2867 2387 2943 quis

391 2952 761 3027 magistratus
794 2958 890 3008 aut
927 2960 1270 3027 procurator
1309 2954 1367 3011 in
1409 2953 1722 3031 provincia‘
1739 2950 2135 3030 spectaculum
2165 2949 2386 3027 gladia-

390 3044 579 3095 torum
612 3042 705 3092 aut
732 3032 983 3093 ferarum
1013 3043 1109 3095 aut
1136 3035 1289 3114 quod
1317 3036 1470 3095 aliud
1499 3034 1779 3095 ludicrum
1807 3035 2026 3097 ederet.
2091 3050 2226 3094 nam
2255 3042 2386 3093 ante

322 3134 371 3175 15
392 3132 507 3177 non
550 3118 731 3175 minus
779 3115 878 3176 taii
929 3118 1235 3196 largitione
1289 3136 1456 3197 quam
1507 3118 1900 3198 corripiendis·
1945 3119 2214 3197 pecuniis
2256 3116 2384 3175 snb-

390 3204 577 3262 iectos
622 3199 1002 3279 adfligebant,
1060 3203 1189 3263 dum
1218 3220 1388 3281 -quae
1431 3202 1665 3264 libidine
1713 3202 2109 3281 deliquerant,
2171 3200 2387 3261 ambitu
2472 3216 2473 3251 ὲ

393 3294 775 3364 propugnant.
2472 3310 2473 3351 1

516 3370 615 3430 32.
659 3368 897 3429 Factum
935 3378 995 3430 et
1032 3378 1269 3431 senatus
1313 3370 1636 3431 consultum
1681 3371 1880 3431 ultioni
1921 3371 2076 3431 iuxta
2119 3377 2180 3428 et
2219 3387 2384 3429 secu·
2472 3370 2473 3375 ’

391 3450 576 3527 ritati,
621 3461 681 3511 nt
719 3454 769 3513 si
802 3456 927 3533 quis
970 3472 1001 3513 a
1046 3455 1163 3513 suis
1204 3456 1390 3515 servis
1419 3454 1756 3515 interfectus
1807 3462 1999 3530 esset,
2043 3454 2082 3512 ii
2125 3470 2384 3531 quoque,
2472 3516 2473 3527 χ
