2475 4000
550 253 558 269 ⁸
643 199 1176 254 conunnmnms
1207 203 1545 256 cnmcus.
1900 207 2131 258 xxxm

262 355 386 428 29,
429 367 460 417 5
495 357 784 428 uibillius,
814 365 949 428 αθ,
981 365 1050 420 63
1087 362 1096 437 Ι
1131 365 1163 418 ’1
1199 363 1541 420 certantibus
1571 365 1825 424 barbaris
1857 367 2127 428 certanti-

59 448 188 501 bus
232 438 244 522 Ι
288 451 326 504 8
355 441 600 515 Palpelio
632 442 703 497 L.-
734 460 788 514 p.
828 443 1022 498 stellio
1060 437 1084 515 Ι
1109 451 1176 502 10
1206 459 1539 514 componere
1576 441 1585 524 Ι
1624 456 1689 508 12
1721 451 1844 520 ligii
1866 453 1927 506 'et
1952 457 2055 521 30,
2088 457 2125 510 2

69 529 266 598 ligi'us
286 570 304 597 ‚
334 541 432 580 em.
462 525 880 598 Mazzenhoffin
909 526 970 581 Z.
993 525 1044 596 f.
1081 527 1134 581 α.
1163 528 1229 582 Α.
1274 527 1377 596 lx,
1406 531 1539 591 253:
1584 532 1740 602 Lygii
1772 533 1987 589 Oberzin

266 606 382 681 30,
428 618 457 668 1
506 608 742 680 iazigies
795 603 804 685 Ι
854 617 888 670 3
919 611 1246 691 digressus,
1287 625 1390 668 em.
1428 611 1485 665 E
1519 605 1529 682 Ι
1566 618 1600 672 6
1644 613 1805 670 deuio
1844 610 1853 693 Ι
1888 623 1923 677 8
1948 618 2121 690 ungio

71 712 150 751 ac
189 693 346 750 sidio
396 685 408 771 Ι
461 700 529 751 10
563 693 953 766 dominationis
983 693 1038 747 P
1076 692 1163 769 (in
1193 691 1451 768 adnot.).·
1498 695 1935 768 dominationes,
1974 719 2023 758 v.
2064 708 2119 770 3,
2193 694 2208 709 “

70 787 182 841 55;
227 785 298 847 6,
326 782 412 836 45.
1912 795 1920 802 ·

257 857 335 917 31
355 902 372 931 ,
412 865 447 917 2
477 865 534 914 et
563 860 702 916 fusis
725 860 864 931 fort.
895 875 970 915 ex
1001 862 1210 920 ecfusis
1266 853 1277 940 Ι
1324 867 1357 922 6
1388 863 1719 919 restiterunt
1755 853 1767 940 Ι
1812 869 1849 922 8
1876 866 2121 922 castellis

68 946 406 1002 Boettae‘cher
465 938 476 1020 Ι
533 943 781 1001 Avonam
821 943 1116 1000 Mannert:
1170 950 1430 1002 entonam
1481 941 1789 1019 (Ausonum
1834 947 2122 1016 Cambden,

67 1031 364 1086 Avionam
393 1029 483 1084 He
511 1027 665 1083 haud
697 1030 808 1083 scio
841 1045 914 1082 an
942 1025 1174 1101 rectius)
1225 1022 1234 1106 Ι
1286 1036 1319 1089 9
1348 1029 1495 1093 inter
1516 1030 1641 1084 add.
1676 1031 1763 1098 Η,
1810 1047 1987 1102 usque
2029 1031 2121 1101 Ri,

67 1119 280 1170 contra
315 1114 495 1184 salig,
528 1110 597 1167 ad
627 1107 788 1184 (post
808 1109 1038 1186 castris)
1069 1111 1355 1182 Biponlini

256 1191 374 1266 32,
417 1203 451 1253 2
492 1196 547 1252 in
581 1195 877 1266 Decangos
906 1196 1027 1250 Bz:
1073 1194 1204 1251 inde
1246 1210 1455 1264 cangos
1500 1179 1757 1269 (inde‘in
1800 1197 2021 1266 Ganges
2051 1195 2119 1263 P,

67 1282 138 1336 in
183 1280 465 1336 Decantas
501 1274 625 1350 Ra).
697 1277 793 1332 ‘Ne
833 1281 956 1349 quis
1001 1278 1132 1333 inde
1179 1278 1403 1348 Ganges
1446 1275 1736 1349 defendat,
1784 1279 2121 1350 conferimus
2166 1305 2173 1310 ·

71 1367 184 1432 12⁸,
224 1369 294 1424 16
323 1363 470 1419 exim
513 1363 569 1418 in
607 1359 835 1416 Siracos
870 1367 1142 1433 pergunt,
1185 1366 1285 1430 12,
1329 1367 1398 1420 33
1442 1360 1576 1416 itum
1609 1362 1737 1418 inde
1782 1364 1840 1419 in
1868 1364 2117 1428 Siluras:

64 1449 308 1503 diversa
337 1447 518 1501 aulem'
533 1444 746 1500 videtur
775 1447 915 1499 ratio
940 1447 999 1499 δη
1024 1449 1090 1502 12
1109 1484 1126 1513 ‚
1156 1452 1223 1503 51
1250 1443 1491 1502 Hiberos
1520 1446 1590 1501 ad
1617 1448 1854 1516 patrium
1882 1464 2117 1518 regnum

71 1530 366 1604 pervadit.
443 1528 690 1584 Ceterum
733 1527 907 1598 Cangi
937 1544 1045 1584 non
1075 1530 1249 1600 maqis
1275 1530 1391 1584 noti
1421 1537 1549 1585 sunt
1588 1546 1755 1601 quam
1794 1531 2061 1601 Decangi.
2098 1525 2109 1597 Ι

67 1621 116 1674 6
149 1612 441 1683 brigantes
476 1611 569 1684 pr.
603 1628 672 1665 m.
725 1602 736 1690 Ι
784 1617 820 1670 8
855 1618 1178 1684 coeptarunt
1206 1612 1258 1667 A
1293 1603 1305 1690 Ι
1341 1619 1375 1672 9
1404 1613 1757 1674 Silurum-R.-
1798 1614 2065 1672 siluarum
2100 1621 2111 1687 Ι

73 1703 156 1757 12
184 1713 374 1752 manus
403 1697 492 1751 Fa
803 1717 812 1732 κ

255 1775 367 1850 33,
424 1786 459 1837 2
497 1780 724 1835 confisis
782 1772 792 1856 Ι
852 1782 888 1836 4
927 1786 1046 1836 astu
1091 1781 1220 1834 incl.
1250 1779 1376 1845 He,
1418 1781 1778 1849 nosti-aude,
1821 1782 1969 1852 quod
1997 1797 2109 1838 voc.

71 1865 422 1923 verisimilius
458 1865 672 1920 videtur
703 1879 791 1918 ex
832 1864 1153 1932 ylossemale
1194 1863 1467 1918 adiectum
1510 1879 1627 1918 esse
1670 1880 1836 1933 quam
1878 1870 1998 1920 astu
2039 1864 2117 1919 ad
2180 1900 2187 1908 -

73 1949 277 2006 fraude
325 1943 334 2026 Ι
384 1956 416 2008 5
445 1945 872 2010 Ordovicas‘R:
915 1948 1212 2004 ordolucas
1254 1940 1264 2025 Ι
1302 1953 1336 2010 8
1368 1947 1497 2002 hinc
1536 1946 1682 2002 Hm.-
1724 1952 1853 2001 tunc
1894 1945 2111 2019 (cincto

70 2030 201 2107 ΒΖ)
251 2024 262 2111 Ι
310 2041 344 2093 9
369 2034 551 2087 malim
584 2037 840 2103 poterat,
871 2030 949 2102 cf.
980 2030 1054 2085 Η.
1089 2037 1155 2101 3,
1197 2036 1265 2090 71
1317 2024 1328 2105 Ι
1376 2030 1540 2085 hallis
1593 2029 1603 2098 Ι
1658 2036 1727 2087 10
1756 2034 2173 2101 cateruaque,'‘
2244 2088 2253 2095 ⁴

65 2130 184 2173 em.
218 2117 264 2171 L
296 2112 306 2188 Ι
349 2122 678 2171 armatorum
707 2114 789 2168 F.-
827 2114 1093 2170 maiorum

252 2195 362 2265 34,
407 2203 440 2252 2
475 2198 714 2251 nocenda
757 2190 764 2273 Ι
802 2203 835 2256 9
867 2196 1170 2267 religioni,
1207 2210 1309 2253 em.
1348 2194 1396 2250 L

254 2276 370 2348 35,
407 2285 444 2336 4
475 2279 665 2334 virtuti
709 2280 944 2335 malebat
981 2279 1036 2333 P
1071 2281 1128 2334 in
1167 2279 1411 2349 append.
1465 2271 1473 2358 Ι
1523 2288 1555 2339 5
1602 2286 1658 2335 et
1691 2280 1819 2335 add.
1852 2279 1942 2334 Bz
1977 2272 1989 2358 Ι
2026 2278 2113 2335 in-

73 2365 394 2424 cendebant
440 2363 487 2418 L
540 2353 550 2437 Ι
601 2368 666 2419 10
709 2362 975 2419 distracta
1025 2357 1037 2440 Ι
1097 2370 1162 2421 11
1210 2362 1479 2420 recedere
1520 2365 1570 2419 A
1628 2356 1639 2438 Ι
1693 2368 1760 2424 17
1811 2377 1987 2421 uxore
2032 2369 2113 2433 et,

75 2468 185 2507 em.
215 2450 304 2505 ΒΖ
536 2454 545 2457 “

249 2528 363 2601 36,
411 2536 438 2588 1
467 2527 835 2584 cartimandus
868 2526 1353 2603 (Cartismanduae
1384 2530 1461 2599 L,
1491 2536 1553 2585 ut
1576 2530 1743 2584 semel
1769 2530 1929 2585 habet
1957 2527 2107 2584 Med.

77 2621 140 2673 in
169 2618 242 2672 H.
277 2623 341 2684 3,
369 2610 470 2687 45)
511 2608 522 2689 Ι
560 2618 628 2672 10
656 2617 766 2666 tum
793 2613 851 2668 E
883 2606 896 2692 Ι
930 2621 996 2672 11
1030 2622 1259 2687 torques
1291 2615 1370 2671 D.-
1404 2614 1697 2685 torquibus

252 2696 365 2769 37,
407 2704 444 2755 4
479 2695 637 2768 pa'cis
671 2696 776 2758 aL,
820 2695 876 2751 in
910 2714 1100 2768 pacem
1129 2700 1219 2761 D,-
1258 2716 1305 2754 v.
1343 2699 1514 2770 Nipp.
1556 2690 1565 2774 Ι
1604 2702 1635 2756 7
1666 2713 1820 2766 num,
1864 2697 1914 2753 si
1945 2696 1993 2751 L
2028 2690 2039 2775 Ι
2076 2704 2115 2757 8

83 2787 332 2841 traherer
360 2780 589 2837 Beklcer
641 2770 652 2857 Ι
703 2785 771 2837 12
801 2780 1073 2851 absoluti,
1113 2784 1260 2853 quod
1291 2783 1380 2839 Bz
1420 2787 1600 2839 tuetur
1626 2781 1747 2837 coll.
1786 2785 1855 2849 4,
1902 2784 1975 2835 23
2013 2785 2109 2849 in„

79 2868 250 2925 soluti
289 2865 394 2933 Rae’,
443 2864 687 2921 exsoluti
727 2862 808 2925 L,·
861 2862 993 2934 fort.
1037 2866 1105 2921 ab
1138 2883 1223 2925 ,eo
1268 2862 1394 2939 (vel
1435 2867 1503 2923 ab
1548 2860 1717 2938 ipso)
1763 2864 1932 2921 soluti
1984 2856 1995 2942 Ι
2046 2870 2113 2924 16

127 2952 277 3008 artim
1118 2940 1129 2959 ’
2028 2970 2035 2975 ·

86 2971 124 3025 P
247 3028 359 3105 38,
411 3040 445 3093 9
479 3033 672 3089 silnlas
703 3030 1008 3105 praesidiis
1049 3032 1249 3090 relicta
1285 3024 1296 3111 Ι
1335 3041 1401 3093 10
1430 3034 1557 3089 citis
1584 3033 1790 3090 nuntiis
1820 3033 1898 3101 L,
1931 3034 2045 3089 cito
2080 3050 2111 3088 e

89 3116 223 3175 vicis
249 3118 334 3173 Fa
363 3122 416 3171 et
441 3115 532 3185 M,
577 3117 690 3173 cito
720 3114 938 3172 cunctis
974 3114 1093 3177 Bz,·
1124 3117 1470 3187 probabilius
1513 3118 1709 3191 Wurm
1752 3114 1980 3192 (Philol.
2014 3117 2111 3187 lx,
2206 3136 2213 3141 ·

89 3200 212 3279 93):
259 3202 370 3281 cito
402 3201 608 3256 nuntiis
645 3199 924 3269 dimissis,
956 3216 1003 3254 v.
1030 3206 1212 3255 tamen
1245 3204 1345 3269 13,
1378 3204 1412 3257 9
1440 3204 1518 3256 in.
1558 3204 1567 3270 Ι
1607 3218 1678 3258 ex
1708 3200 1951 3273 Ruperti
1960 3227 1975 3256 .·
2010 3207 2066 3257 et
2094 3192 2106 3277 Ι

91 3285 347 3359 proximis
377 3284 564 3340 missis
605 3284 666 3339 Ν
695 3275 704 3362 Ι
746 3290 811 3345 11
845 3292 968 3357 co‘p.
1003 3284 1287 3345 obsidioni
1330 3286 1452 3341 st
1494 3284 1776 3355 copiarum
1813 3282 2111 3341 obsidione

93 3368 316 3447 (copiae
343 3368 454 3461 tuni
485 3368 779 3425 occidione
813 3366 908 3431 M,·
950 3370 1068 3439 ipse
1099 3368 1313 3425 malim.-
1344 3369 1629 3441 copiarum
1666 3368 1888 3425 obsidio
1904 3404 1938 3440 ,-
1956 3369 2113 3429 occi-

175 3468 348 3507 meu-1
376 3468 516 3506 »Ans
545 3466 590 3507 1.
1516 3510 1521 3517 ,
1666 3468 1696 3507 e
