2475 4000
300 204 381 269 52
792 216 1120 276 conunnn
1152 169 1388 263 'mern
1417 213 1781 263 mantum

264 373 511 450 ,ciendis
562 373 817 451 coeptis,
863 371 1049 430 acrius
1094 370 1432 430 modestiam
1475 370 1599 429 eius
1656 368 1992 445 adgreditur
2047 366 2308 426 alterum

300 455 649 518 consulatum
697 453 1023 529 offerendo,
1080 455 1240 514 cuius
1283 456 1466 514 munia
1509 470 1788 532 praesens
1831 451 2040 514 obiret.
2127 449 2308 510 simul

300 538 674 616 adnectebat,
715 540 764 599 si
799 538 951 597 foret
991 536 1174 597 adhuc
1204 536 1562 612 bellandum,
1608 535 1963 614 relinqueret
1991 536 2308 594 materiem

297 624 465 684 Drusi
500 623 694 682 fratris
725 621 985 704 gloriae,
1033 623 1127 699 qui
1156 619 1314 680 nullo
1344 629 1462 680 tum
1501 620 1616 679 alio
1645 620 1811 679 hoste
1844 636 1958 679 non
1993 620 2103 679 nisi
2137 617 2308 698 apud

231 721 283 762 20
302 706 629 767 Germanias
682 705 923 783 adsequi
980 720 1189 764 nomen
1238 705 1664 782 imperatorium
1705 711 1766 762 et
1809 703 2122 781 deportare
2169 702 2306 762 lan-

298 807 455 849 rcam
499 798 718 868 posset.
794 788 944 848 haud
986 777 1284 847 cunctatus
1328 796 1418 847 est
1457 787 1605 847 ultra
1641 785 2046 864 Germanicus,
2091 803 2302 864 quam-

300 889 466 950 quam
506 874 646 950 fingi
686 891 757 932 ea
790 869 973 950 sequ‘e
1019 890 1125 952 per
1150 869 1418 930 invidiam
1455 879 1620 950 parto
1653 873 1764 931 iam
1799 870 2000 931 decori
2032 869 2302 930 abstrahi

298 955 495 1016 intelle
542 964 685 1016 eret.
1123 1013 1130 1023 ,
2217 957 2226 966 ’

424 975 538 1099 27ῗ
566 1039 699 1100 Sub‘
725 1038 874 1098 idem
898 1047 1135 1116 tempus
1181 1057 1215 1097 e
1257 1037 1472 1098 familia
1513 1037 1943 1098 Scriboniorum
1970 1037 2113 1097 Libo
2142 1037 2298 1096 Dru-

300 1142 397 1184 sus
424 1123 681 1184 defertur
709 1122 894 1182 moliri
921 1140 1017 1181 res
1049 1140 1249 1182 novas.
1306 1123 1676 1199 eius-negotii
1709 1123 1955 1197 initium,
2003 1121 2294 1198 ordinem,

299 1209 467 1267 finem
500 1208 749 1267 curatius
778 1204 1080 1281 disseram,
1117 1207 1247 1284 quia
1281 1213 1395 1264 tum
1435 1207 1680 1284 primum
1703 1213 1938 1284 reperta
1971 1215 2116 1265 sunt·
2138 1223 2296 1283 quae

301 1309 407 1369 per
446 1297 531 1349 tot
560 1278 739 1350 annos¹
766 1307 886 1349 rem
915 1289 1202 1367 publicam
1234 1289 1506 1348 exedere.
1563 1289 1804 1349 Firmius
1829 1287 2006 1350 Catus
2027 1299 2294 1366 senator,

257 1391 377 1433 sex
414 1374 605 1432 intima
646 1371 878 1452 Libonis
920 1373 1197 1448 amicitia,
1253 1374 1516 1440 iuvenem
1552 1372 1912 1451 inprovidum
1955 1381 2014 1432 et
2053 1373 2294 1434 facilem

299 1454 557 1515 inanibus
588 1455 657 1514 ad
690 1453 1106 1514 Chaldaeorum
1134 1457 1445 1533 promissa,
1475 1473 1772 1533 magorum
1801 1474 1998 1532 sacra,
2033 1459 2296 1516 somnio-

299 1555 421 1598 rum
445 1539 613 1597 etiam
634 1539 981 1613 interpretes
1004 1537 1266 1616 impulit,
1287 1539 1418 1598 dum
1441 1557 1720 1618 proavum
1741 1541 2074 1620 Pompeium
2089 1585 2106 1616 ,
2149 1543 2296 1600 ami-

186 1659 189 1664 -
298 1631 409 1682 tam
432 1621 822 1694 Scriboniam,
856 1636 1001 1696 quae
1034 1621 1315 1698 quondam
1344 1622 1591 1699 Augusti
1621 1627 1871 1684 coniunx
1899 1625 2114 1701 fuerat,
2149 1641 2300 1684 con·-

300 1705 565 1768 sobrinos
600 1703 919 1777 Caesares,
956 1703 1183 1782 plenam
1215 1707 1556 1782 imaginibus
1584 1697 1810 1767 domum'
1843 1716 2118 1785 ostentat,
2149 1707 2296 1768 bor-

233 1795 561 1865 10taturque
592 1787 662 1846 ad
691 1787 881 1846 luxum
916 1795 973 1846 et
1000 1804 1100 1847 aes
1124 1788 1400 1866 alienum,
1433 1791 1627 1850 socius
1658 1791 1950 1852 libidinum
1985 1801 2046 1852 et
2077 1809 2296 1853 neces-

298 1871 547 1946 sitatum,
581 1887 693 1950 quo
719 1869 975 1948 pluribus
1006 1871 1229 1932 indiciis
1259 1872 1543 1951 inligaret.
1731 1923 1755 1933 ,
2210 1921 2220 1926 .

462 1951 563 2015 28.
607 1955 685 2016 Ut
728 1953 1131 2017 satis'testium
1163 1965 1221 2017 et
1251 1958 1360 2037 qui·
1376 1960 1529 2019 servi
1571 1957 1770 2019 eadem
1805 1967 2116 2021 noscerent
2150 1975 2294 2040 rep-

298 2039 473 2118 perit,
522 2034 727 2097 aditum
758 2038 829 2098 ad
855 2043 1172 2120 principem
1201 2042 1487 2120 postulat,
1529 2042 1921 2105 demonstrato
1959 2046 2196 2104 crimine
2229 2051 2304 2105 et‘

298 2140 404 2181 reo
435 2140 541 2201 per
562 2120 837 2181 Flaccum
855 2123 1252 2185 Vescularium
1275 2128 1523 2205 equitem
1549 2128 1860 2188 Romanum
1876 2174 1893 2204 ,
1927 2130 2015 2188 cui
2038 2131 2296 2207 propior

300 2222 425 2263 cum
466 2204 699 2265 Tiberio
743 2220 879 2263 usus
922 2216 1064 2267 erat.
1160 2207 1378 2270 Caesar
1415 2211 1681 2275 indicium
1735 2212 1884 2272 haud
1938 2220 2294 2291 aspernatus

248 2306 273 2345 5
302 2304 651 2364 congressus
708 2286 925 2349 abnuit:
984 2307 1159 2369 posse
1216 2296 1365 2353 enim
1413 2294 1618 2355 eodem
1660 2295 1876 2356 Flacco
1933 2297 2287 2356 internuntio

300 2387 599 2431 sermones
628 2386 967 2432 commeare.
1036 2384 1207 2454 atque
1246 2379 1470 2437 interim
1498 2378 1772 2440 Libonem
1799 2388 1962 2447 ornat
1992 2388 2282 2459 praetura,

300 2454 660 2515 convictibus
686 2455 945 2532 adhibet,
977 2474 1090 2517 non
1118 2459 1277 2518 vultu
1307 2460 1618 2537 alienatus,
1654 2479 1770 2522 non
1803 2463 2000 2523 verbis
2031 2480 2284 2524 commo-

296 2540 409 2598 tior
454 2540 632 2618 (adeo
665 2541 804 2600 iram
834 2540 1227 2618 condiderat);
1279 2553 1598 2623 cunctaque
1643 2547 1764 2606 eius
1807 2546 1958 2608 dicta
1989 2548 2286 2625 factaque,

300 2640 426 2681 cum
467 2622 779 2701 prohibere
805 2634 1038 2703 posset,
1084 2627 1237 2685 scire
1269 2626 1550 2704 malebat,
1597 2628 1788 2689 donec
1815 2631 2004 2692 lunius
2035 2632 2284 2709 qnidam,

100 2746 113 2763 s
228 2721 278 2763 10
297 2712 599 2783 temptatus
642 2716 701 2766 ut
743 2706 995 2768 infernas
1036 2708 1268 2769 umbras
1299 2712 1638 2772 carminibus
1679 2715 1950 2792 eliceret,
1993 2716 2064 2775 ad
2092 2716 2284 2775 Fulci-

296 2788 446 2847 nium
487 2788 755 2850 Trionem
810 2791 1073 2851 indicium
1128 2791 1347 2867 detulit,
1433 2796 1667 2856 celebre
1710 2801 1862 2859 inter
1903 2809 2282 2860 accusatores

295 2871 521 2931 Trionis
552 2875 840 2950 ingenium
869 2885 990 2935 erat
1017 2876 1358 2956 avidumque
1383 2879 1570 2941 famae
1599 2882 1802 2942 malae.
1871 2885 2058 2943 statim
2097 2874 2284 2943 corri-

170 3009 181 3026 ὁ
294 2958 378 3032 pit
406 2972 594 3031 reum,
645 2956 759 3017 adit
788 2958 1090 3036 consules,
1136 2963 1523 3038 cognitionem
1555 2975 1786 3025 senatus
1814 2968 2025 3046 poscit.
2086 2978 2146 3027 et
2175 2986 2282 3030 vo-

292 3047 491 3099 cantur
511 3048 735 3118 patres,
767 3040 959 3100 addito
984 3043 1412 3106 consultandum
1443 3066 1620 3127 super
1649 3065 1714 3109 re
1743 3068 1951 3128 magna
1985 3060 2046 3111 et
2069 3055 2282 3113 atroci.

408 3121 506 3183 29.
554 3122 695 3183 Libo
738 3124 962 3183 interim
997 3136 1164 3188 veste
1209 3139 1420 3191 mutata
1465 3150 1592 3192 cum
1655 3134 2000 3212 primoribus
2049 3137 2283 3198 feminis

286 3203 587 3266 circumire
632 3207 867 3283 domos,
920 3226 1088 3270 orare
1128 3212 1387 3290 adfines,
1437 3232 1647 3275 vocem
1677 3216 1977 3278 adversum
2016 3221 2282 3299 pericula

286 3304 569 3365 poscere,
624 3289 1000 3353 abnuentibus
1056 3300 1312 3374 cunctis,
1371 3314 1496 3357 cum
1535 3298 1762 3361 diversa
1804 3304 2279 3383 praetenderent,

286 3370 483 3430 eadem
534 3374 854 3434 formidine.
946 3378 1037 3439 die
1081 3390 1314 3441 senatus
1357 3390 1510 3441 metu
1553 3392 1612 3443 et
1654 3386 2008 3463 aegritudine
2053 3388 2276 3465 fessus,

233 3476 259 3514 5
284 3454 439 3531 sive,
475 3465 535 3514 ut
558 3456 843 3519 tradidere
866 3462 1122 3540 quidam,
1152 3464 1414 3526 simulato
1444 3466 1681 3546 morbo,
1713 3469 1922 3533 lectica
1945 3471 2166 3532 delatus
2199 3474 2280 3533 ad
