2475 4000
405 215 486 276 30
907 221 1234 272 CORNELII
1256 222 1490 272 mern
1511 223 1874 270 Amanum

405 378 698 438 subiectus
723 377 960 438 servitio
981 377 1178 438 uxoris
1199 385 1395 436 uterus
1418 377 1765 436 vaecordem
1788 376 2057 453 agebant,
2081 379 2415 442 volitabat-

355 483 379 522 5
405 480 518 539 que
551 478 657 539 per
685 459 1049 535 Cheruscos,
1094 478 1249 520 arma
1288 461 1345 519 in
1394 460 1732 536 Segestem,
1776 479 1931 521 arma
1968 462 2026 520 in
2072 459 2411 524 Caesarem

402 561 690 644 poscenffs
735 562 924 622 neque
955 543 1184 622 probris
1217 542 1603 622 temperabat:
1640 545 1937 620 egregium
1968 553 2246 622 patrem,
2294 567 2405 608 ma-

399 645 570 705 gnum
613 616 1048 706 imperatorem,
1107 627 1317 687 fortem
1358 627 1705 700 exercitum,
1768 644 2005 704 quorum
2048 636 2140 686 tot
2202 647 2403 690 manns

398 729 564 772 unam
593 711 986 772 mulierculam
1015 711 1333 770 avexerint.
1381 709 1490 770 sibi
1528 719 1645 769 tres
1686 710 1985 786 legiones,
2028 712 2291 778 tot-idem
2324 715 2398 772 le-

397 805 564 873 gatos
593 794 1008 873 procubuisse;
1041 811 1156 853 non
1199 794 1347 852 enim
1392 811 1457 852 se
1501 794 1823 870 proditione
1865 811 2058 871 neque
2102 796 2399 856 adversus

330 904 378 944 10
398 881 635 940 feminas
671 878 972 955 gravidas,
1016 877 1122 937 sed
1167 876 1353 956 palam
1396 877 1676 936 adversus
1718 886 1967 938 armatos
2008 877 2241 940 bellum
2286 889 2394 940 tra-

399 972 577 1023 ctare.
633 962 790 1022 cerni
823 960 1006 1020 adbuc
1039 959 1491 1020 Germanorum
1474 978 1531 1019 ιιι
1559 961 1702 1020 lucis
1727 961 1893 1036 signa
1912 959 2207 1038 Romana,
2246 980 2395 1042 quae

396 1047 482 1106 dis
517 1047 717 1124 patriis
749 1044 1134 1121 suspenderit.
1197 1044 1425 1104 coleret
1454 1044 1736 1120 Segestes
1771 1045 1979 1104 victam
2010 1047 2229 1122 ripam,
2264 1047 2390 1106 red-

397 1119 562 1189 deret
597 1129 713 1189 filio
762 1129 1146 1187 sacerdotium
1187 1129 1501 1187 hominum:
1542 1125 1855 1186 Germanos
1895 1145 2211 1207 numquam
2254 1131 2390 1188 satis

398 1221 796 1286 excusaturos,
829 1212 982 1290 quod
1015 1212 1162 1270 inter
1191 1210 1385 1270 Albim
1418 1220 1479 1270 et
1508 1210 1767 1270 Rhenum
1797 1211 1991 1308 virgas
2034 1221 2096 1270 et
2142 1231 2387 1272 secures

330 1319 378 1357 15
399 1305 456 1354 et
485 1305 678 1370 togam
717 1295 983 1354 viderint.
1041 1295 1168 1354 aliis
1215 1294 1483 1370 gentibus
1524 1296 1843 1370 ignorantia
1890 1296 2095 1374 imperi
2145 1295 2387 1356 Romani

396 1380 698 1455 inexperta
731 1395 863 1436 esse
894 1377 1206 1455 supplicia,
1249 1379 1447 1436 nescia
1472 1377 1710 1447 tributa;
1752 1395 1901 1455 quae
1938 1381 2221 1457 quoniam
2250 1398 2383 1438 exu-

397 1463 544 1520 erint
585 1462 902 1538 inritusque
947 1460 1287 1520 discesserit
1328 1461 1427 1520 ille
1468 1461 1615 1520 inter
1656 1463 1878 1522 numina
1921 1463 2147 1523 dicatus
2193 1462 2379 1540 Angu-

395 1551 534 1622 stus,
569 1544 672 1604 ille
704 1543 966 1603 delectus
1001 1541 1285 1619 Tiberius,
1317 1562 1389 1603 ne
1419 1545 1723 1623 inperitum
1756 1546 2283 1620 adulescentulum,
2314 1563 2377 1604 aa

395 1628 728 1688 seditiosum
757 1627 1072 1686 exercitum
1103 1637 1505 1705 pavescerent.
1568 1629 1615 1688 si
1634 1630 1897 1707 ‚patriam
1934 1637 2219 1706 parentes
2251 1632 2377 1689 auti·

324 1737 373 1777 20
394 1729 504 1788 qua
535 1711 770 1771 mallent
801 1729 968 1788 quam
998 1711 1259 1782 dominos
1297 1720 1355 1770 et
1386 1712 1644 1772 colonias
1674 1729 1888 1785 novas,
1933 1711 2255 1772 Arminium
2282 1729 2377 1791 po·

275 1845 294 1874 ,
391 1795 502 1852 tius
531 1796 760 1872 gloriae
801 1813 870 1854 ac
909 1794 1194 1856 libertatis
1235 1813 1401 1874 quam
1432 1796 1737 1873 Segestem
1768 1795 2091 1868 flagitiosae
2132 1799 2378 1856 servitu-

391 1879 464 1936 tis
494 1878 698 1939 ducem
723 1888 1122 1956 sequerentur.

515 1963 616 2025 60.
659 1960 886 2023 Conciti
916 1981 1023 2041 per
1045 1964 1192 2025 haec
1225 1981 1340 2023 non
1360 1963 1531 2025 modo
1560 1961 1833 2025 Cherusci
1856 1962 1958 2023 sed
1985 1965 2380 2025 conterminae

391 2058 627 2124 gentes,
691 2056 1022 2131 tractusque
1070 2050 1126 2107 in
1171 2049 1351 2126 partis
1388 2048 1795 2143 Inguiomerus
1820 2044 2059 2107 Arminii
2116 2058 2376 2125 patruus,

391 2132 575 2191 veteri
599 2121 748 2208 apud
777 2130 1066 2191 Romanos
1102 2132 1472 2201 auctoritate;
1508 2131 1651 2191 unde
1686 2130 1868 2189 maior
1898 2128 2141 2190 Caesari
2172 2142 2375 2191 metus.

396 2223 453 2274 et
481 2232 555 2273 ue
585 2213 798 2273 bellum
832 2216 985 2274 mole
1014 2235 1124 2276 una
1154 2218 1469 2293 ingrueret,
1503 2212 1809 2273 Caecinam
1840 2231 1965 2275 cum
1996 2214 2377 2293 quadraginta

343 2320 368 2357 5
397 2296 729 2357 cohortibus
760 2298 1030 2358 Romanis
1063 2300 1431 2359 distrahendo
1469 2297 1617 2356 hosti
1660 2315 1767 2375 per
1804 2296 2120 2357 Bructeros
2162 2300 2243 2359 ad
2268 2300 2373 2359 llu-

300 2429 308 2439 ,
389 2398 520 2440 men
549 2380 819 2443 Amisiam
847 2384 1032 2457 mittit,
1067 2385 1317 2461 equitem
1346 2380 1500 2441 Pedo
1536 2381 1870 2458 praefectus
1911 2381 2117 2441 finibus
2161 2380 2374 2442 Frisio-

389 2484 512 2525 rum
546 2466 716 2525 ducit.
784 2469 911 2544 ipse
942 2467 1221 2543 inpositas
1251 2463 1483 2524 navibus
1526 2473 1791 2543 quattuor
1834 2464 2101 2541 legiones
2148 2484 2264 2543 per
2303 2467 2375 2525 la-

390 2568 492 2609 cus
532 2551 718 2619 vexit;
781 2550 1062 2627 simulque
1109 2548 1291 2627 pedes
1338 2564 1518 2623 eques
1560 2549 1765 2609 classis
1817 2548 1968 2626 apud
2019 2550 2379 2626 praedictum

388 2651 608 2693 amnem
634 2651 981 2693 convenere.
1043 2631 1257 2692 Chauci
1280 2647 1407 2687 cum
1433 2633 1640 2691 auxilia
1666 2632 2105 2709 pollicerentur,
2140 2633 2203 2691 in
2228 2651 2379 2693 com-

320 2736 368 2777 10
386 2717 640 2776 militium
681 2717 888 2777 adsciti
925 2725 1071 2775 sunt.
1153 2714 1462 2773 Bructeros
1506 2734 1607 2775 sua
1652 2716 1869 2775 urentis
1923 2715 2201 2793 expedita
2255 2735 2381 2776 cum

385 2818 548 2861 manu
578 2799 638 2859 L.
671 2800 974 2859 Stertinius
1007 2800 1176 2857 missu
1207 2794 1526 2859 Germanici
1552 2800 1723 2867 fudit;
1756 2801 2019 2877 interque
2050 2800 2299 2860 caedem
2324 2809 2382 2859 et

387 2884 659 2962 praedam
679 2884 947 2960 repperit
975 2882 1471 2943 undevicensimae
1502 2884 1749 2959 legionis
1784 2884 2031 2961 aquilam
2062 2901 2194 2941 cum
2219 2884 2380 2943 Varo

385 2968 669 3028 amissam.
737 2966 961 3025 ductum
991 2966 1120 3025 iude
1149 2984 1355 3043 agmen
1385 2967 1456 3027 ad
1480 2966 1709 3027 ultimos
1729 2966 2160 3042 Bructerorum,
2198 2986 2377 3057 quan·

385 3062 615 3128 tumque
648 3049 914 3108 Amisiam
941 3058 999 3108 et
1027 3048 1259 3150 Lupiam
1290 3067 1483 3111 amnes
1520 3053 1665 3111 inter
1689 3059 2001 3126 vastatum,
2046 3050 2201 3110 baud
2247 3070 2379 3130 pro·
2386 3108 2405 3121 ,

319 3134 482 3196 15οιιί
513 3132 992 3221 Teutoburgiensi
1023 3134 1240 3211 saltu,
1222 3154 1281 3193 ιιι
1315 3151 1427 3214 quo
1468 3134 1777 3214 reliquiae
1779 3136 1917 3195 Vari
1958 3135 2379 3213 legionumque

387 3215 710 3331 insepultae
740 3211 1092 3281 dicebantur.

464 3300 608 3361 -.61
666 3300 842 3378 Igitur
897 3302 1103 3382 cupido
1155 3301 1466 3363 Caesarem
1516 3302 1727 3362 invadit
1778 3301 2043 3361 solvendi
2102 3320 2381 3383 suprema

385 3383 649 3445 militibus
681 3385 924 3463 ducique
943 3431 960 3462 ,
1007 3396 1271 3465 permoto
1304 3385 1374 3445 ad
1405 3386 1829 3447 miserationem
1860 3387 2008 3445 omni
2041 3387 2142 3463 qui
2174 3387 2381 3447 aderat

385 3472 640 3532 exercitu
676 3470 750 3530 ob
780 3472 1160 3549 propinquos,
1195 3470 1432 3546 amicos,
1468 3469 1717 3547 denique
1756 3470 1831 3529 ob
1884 3487 2053 3530 casus
2084 3469 2381 3531 bellorum
