2475 4000
370 229 450 290 64
857 235 1186 284 commnn
1223 235 1458 282 'raom
1486 235 1863 286 ,aunuatim
1914 286 1927 292 Α

297 418 349 458 25
370 402 625 455 senatum
652 391 997 462 celebravit:
1032 399 1090 449 et
1122 389 1442 450 decrevere
1477 398 1674 468 patres
1701 388 2062 466 triumphalia
2093 389 2372 465 insignia,

370 477 523 557 quod
554 476 793 537 Camillo
826 474 901 532 ob
928 473 1264 533 modestiam
1295 477 1445 533 vitae
1473 477 1704 552 impune
1735 474 1856 532 fuit.
1959 488 1966 497 ⁸

490 561 589 621 53.
632 561 897 638 Sequens
936 576 1115 618 annus
1150 557 1440 635 Tiberium
1480 559 1679 633 tertie,
1723 557 2122 616 Germanicum
2153 557 2378 615 iterum

370 645 640 706 consules
680 643 895 704 habuit.
986 642 1091 701 sed
1130 659 1260 700 eum
1303 640 1580 700 honorem
1617 640 1988 701 Germanicus
2040 641 2163 698 iniit
2207 639 2380 718 apud

313 723 317 732 ’
366 729 564 790 urbem
610 728 866 789 Achaiae
898 725 1260 806 Nicopolim,
1303 743 1415 802 quo
1451 733 1688 784 venerat
1719 742 1826 803 per
1854 723 2142 799 Illyricam
2175 740 2374 797 oram,

370 815 497 873 viso
516 812 693 874 fratre
722 811 911 870 Druso
942 811 999 869 in
1026 809 1308 886 Delmatia
1337 817 1578 885 agente,
1602 807 1918 867 Hadriatici
1945 826 2016 867 ac
2045 823 2186 866 mox
2213 807 2376 866 Ionii

320 919 349 958 5
368 899 538 958 mari-s
580 896 879 956 adversam
919 894 1344 970 navigationem
1376 909 1712 970 perpessus.
1776 891 1948 967 igitur
1977 907 2201 970 paucos
2233 890 2376 948 dies

366 981 667 1061 insumpsit
709 977 1056 1038 reficiendae
1084 976 1289 1045 classi;
1335 975 1498 1034 simul
1527 977 1684 1035 sinus
1713 975 1954 1034 Actiaca
1995 975 2239 1034 victoria
2285 975 2374 1032 in-

368 1066 555 1126 clutos
600 1073 657 1122 et
697 1071 955 1123 sacratas
996 1060 1068 1120 ab
1110 1059 1378 1136 Augusto
1419 1059 1712 1119 manubias
1767 1068 2072 1136 castraque
2123 1057 2378 1118 Antonii

368 1167 495 1210 cum
526 1146 931 1207 recordatione
962 1145 1237 1204 maiorum
1273 1159 1504 1202 suorum
1535 1142 1685 1203 adiit.
1749 1160 1994 1220 namque
2023 1142 2106 1216 ei,
2143 1149 2215 1213 rut
2241 1159 2372 1200 me-

368 1233 617 1306 moravi,
660 1221 973 1290 avunculus
1013 1228 1345 1304 Augustus,
1388 1244 1529 1286 avus
1570 1227 1853 1286 Antonius
1885 1233 2080 1300 erant,
2125 1242 2372 1305 magna-

250 1361 259 1372 .
298 1339 350 1379 10
372 1333 484 1394 que
514 1314 636 1373 illic
664 1315 858 1390 imago
884 1315 1125 1372 tristium
1165 1311 1580 1389 laetorumque.
1653 1311 1786 1369 hinc
1817 1319 2046 1369 ventum
2077 1308 2372 1384 Athenas,

367 1396 708 1474 foederique
760 1397 957 1454 sociae
1014 1401 1080 1454 et
1136 1403 1399 1454 vetustae
1452 1394 1612 1453 urbis
1657 1393 1845 1454 datum
1883 1402 1943 1452 ut
1988 1409 2102 1452 uno
2149 1392 2374 1451 lictore

368 1486 645 1540 uteretur.
714 1496 1007 1555 excepere
1048 1478 1254 1539 Graeci
1289 1475 1720 1556 quaesitissimis
1766 1471 2114 1550 honoribus,
2162 1485 2374 1535 vetera

368 1581 600 1625 suorum
656 1562 809 1622 facta
866 1560 1133 1640 dictaque
1180 1562 1614 1640 praeferentes,
1671 1579 1784 1639 quo
1838 1561 1970 1640 plus
2017 1560 2374 1637 dignationis

258 1643 263 1651 ’
365 1647 579 1708 adultio
608 1645 868 1705 haberet.

420 1769 427 1776 -
497 1731 598 1792 54¹.
634 1729 818 1795 Petita
858 1727 991 1787 inde
1024 1727 1268 1788 Euboea
1309 1729 1557 1810 tramisit
1579 1728 1862 1804 Lesbum,
1905 1728 2002 1788 ubi
2033 1728 2376 1807 Agrippina

368 1814 681 1890 novissimo
740 1819 903 1892 partu
957 1811 1155 1871 Iuliam
1210 1811 1402 1873 edidit.
1445 1824 1454 1834 ⁸
1495 1817 1610 1872 tum
1657 1822 1916 1873 extrema
1955 1813 2132 1872 Asiae
2165 1813 2373 1871 Perin-

327 1899 635 1976 'thumque
677 1915 751 1956 ’ao
780 1895 1150 1972 Byzantium,
1195 1896 1510 1957 Thraecias
1560 1897 1768 1973 urbes,
1821 1913 1959 1956 mox
1993 1896 2376 1976 Propontidis

366 1983 659 2061 augustias
699 1989 758 2041 et
795 1998 864 2040 os
880 1979 1204 2041 „Ponticum
1247 1983 1448 2059 intrat,
1505 1980 1772 2060 cupidine
1816 1989 2050 2041 veteres
2092 1980 2264 2041 locos
2311 1989 2378 2039 et

317 2080 343 2119 5
372 2069 518 2127 fama
551 2065 883 2146 celebratos¹
908 2066 1211 2135 noscendi;
1245 2068 1574 2144 pai-iterque
1605 2066 1935 2144 provincias
1966 2067 2206 2124 internis
2240 2082 2374 2123 cer-

364 2150 667 2210 taminibus
710 2156 805 2207 aut
844 2152 1270 2225 magistratuum
1315 2151 1534 2209 iniuriis
1571 2149 1762 2209 fessas
1791 2149 2115 2209 refovebat.
2190 2158 2376 2225 atque

364 2234 522 2292 illum
568 2234 625 2290 in
669 2248 946 2307 regressu
988 2252 1153 2294 sacra
1184 2234 1616 2315 Samothracum
1662 2234 1856 2293 visere
1900 2235 2174 2292 nitentem
2207 2232 2376 2291 obvii

367 2315 669 2395 aquilones
710 2314 1007 2393 depulere.
1092 2318 1268 2393 igitur
1305 2316 1458 2377 adito
1499 2317 1610 2377 Ilio
1655 2334 1918 2396 quaeque
1957 2316 2038 2375 ibi
2079 2317 2376 2375 varietate

367 2401 633 2460 fortunae
664 2408 723 2457 et
752 2399 937 2457 nostri
964 2401 1193 2477 origine
1218 2401 1581 2478 veneranda,
1625 2400 1839 2477 relegit
1866 2400 2064 2459 Asiam
2095 2398 2370 2478 adpellit·

299 2499 481 2563 mque
530 2481 905 2562 Colophona,
948 2491 1009 2542 ut
1052 2480 1227 2543 Clarii
1273 2484 1564 2563 Apollinis
1606 2484 1844 2545 ora‘culo
1887 2492 2162 2543 uteretur.
2241 2500 2375 2542 non

365 2569 575 2629 femina
608 2567 762 2641 illic,
808 2574 869 2626 ut
900 2564 1051 2646 apud
1078 2567 1376 2649 Delphos,
1428 2568 1532 2627 sed
1567 2571 1740 2628 certis
1767 2586 1802 2631 e
1831 2568 2058 2647 familiis
2091 2576 2152 2626 et
2177 2568 2374 2627 ferme

364 2653 564 2713 Mileto
606 2652 826 2711 accitus
854 2648 1129 2711 sacerdos
1157 2668 1451 2711 numerum
1479 2651 1650 2712 modo
1683 2651 2120 2711 consultantium
2161 2660 2222 2710 et
2257 2668 2374 2710 no·

364 2738 513 2795 mina
556 2735 735 2805 audit;
782 2743 897 2795 tum
938 2736 996 2794 in
1038 2751 1277 2815 specum
1297 2735 1659 2813 degressus,
1705 2736 1903 2795 hausta
1948 2735 2124 2814 fontis
2163 2737 2378 2794 arcani

366 2838 546 2897 aqua,
603 2820 838 2895 ignarus
884 2818 1222 2897 plerumque
1272 2819 1572 2880 literarum
1629 2828 1690 2878 et
1745 2821 2052 2879 carminum
2101 2818 2218 2878 edit
2267 2836 2374 2877 re-

300 2922 349 2961 ¹5
368 2920 583 2981 sponsa
638 2902 907 2961 versibus
962 2905 1300 2981 compositis
1356 2921 1532 2982 super
1583 2902 1758 2962 rebus
1795 2909 1935 2981 quas
1989 2905 2116 2981 quis
2167 2912 2376 2962 mente

369 2987 658 3064 concepit.
720 2993 779 3044 et
812 2984 1107 3045 ferebatur
1130 2986 1474 3047 Germanico
1506 3006 1611 3066 per
1641 2985 1949 3065 ambages,
1981 2996 2040 3047 ut
2069 3004 2196 3047 mos
2234 3004 2372 3047 ora-

369 3069 845 3145 culis,-maturum
875 3070 1105 3127 exitium
1139 3071 1445 3129 cecinisse.
1517 3118 1523 3126 .

491 3154 590 3213 55.
638 3150 716 3209 At
749 3148 852 3209 Cn.
902 3149 1070 3229 Piso,
1119 3170 1232 3230 quo
1277 3154 1686 3232 properantius
1729 3154 2009 3214 destinata
2049 3154 2372 3233 inciperet,

368 3239 657 3296 civitatem
697 3232 1132 3294 Atheniensium
1172 3236 1398 3296 turbido
1441 3239 1670 3297 incessu
1711 3240 2042 3298 exterritam
2094 3240 2374 3300 oratione

368 3336 543 3379 saeva
566 3320 858 3394 increpa-t,
891 3317 1123 3397 oblique
1154 3320 1550 3380 Germanicum
1572 3324 2003 3399 perstringens,
2032 3323 2188 3400 quod
2221 3342 2372 3385 con·

366 3410 453 3461 tra
496 3402 673 3461 decus
704 3401 943 3472 Romani
985 3405 1225 3463 nominis
1269 3420 1384 3462 non
1412 3399 1798 3464 Athenienses
1833 3415 1933 3465 tot.
1953 3406 2214 3466 cladibus
2261 3426 2372 3468 ex·-

241 3533 244 3535 ,
315 3508 344 3546 s
369 3485 637 3559 stinctos,
673 3484 775 3543 sed
808 3486 1129 3545 conluviem
1154 3485 1310 3546 illam
1339 3488 1626 3548 nationum
1657 3492 1925 3550 comitate
1947 3491 2116 3552 nimia
2145 3492 2370 3553 coluis-
