2475 4000
760 190 969 235 mmm
992 190 1131 236 x1v.
1164 190 1314 238 eAP.
1342 191 1580 244 53—58.
2047 182 2174 243 277

314 342 413 403 56.
464 342 678 399 Verum
710 347 768 400 et
798 340 901 399 tibi
932 340 1118 400 valida
1148 350 1309 401 aetas
1329 350 1390 401 et
1409 342 1620 402 fructui
1647 362 1836 405 rerum
1859 347 2172 423 sufficiens,

187 436 249 486 et
277 443 384 485 nos
413 427 593 503 prima
629 426 853 502 imperii
882 425 1065 502 spatia
1101 425 1477 501 ingredimur:
1517 429 1669 504 quin,
1701 430 1748 485 si
1779 446 1890 506 qua
1921 432 1978 488 in
2008 439 2172 508 parte

183 509 463 570 lubricum
492 508 917 569 adulescentiae
946 517 1177 568 nostrae
1214 508 1494 585 declinat,
1525 527 1774 569 revocas
1803 522 2174 592 ornatumque

184 593 363 654 robur
405 592 659 652 subsidio
698 593 995 669 inpensius
1038 592 1239 668 regis?
1291 610 1408 652 non
1449 602 1542 653 tua
1576 594 1923 672 moderati-o,
1965 600 2015 655 si
2043 598 2172 658 red-

184 677 398 737 dideris
444 678 780 755 pecuniam,
828 693 939 736 nec
982 677 1177 753 quies,
1238 678 1287 735 si
1333 676 1636 756 reliqueris
1677 678 2028 756 principem,
2067 680 2220 745 scds

182 780 312 820 mea
360 762 629 835 avaritia,
672 776 835 819 meae
880 759 1233 820 crudelitatis
1263 770 1447 821 metus
1485 763 1540 820 in
1571 778 1675 819 ore
1706 764 1949 820 omnium
1979 781 2172 822 νενεω-

182 845 355 904 bitur.
416 844 568 922 quod
612 845 659 903 si
702 846 945 903 maxime
988 846 1338 904 continentia
1379 853 1473 905 tua
1515 843 1811 919 laudetur,
1837 862 1959 903 non
1987 854 2175 904 tamen

183 929 431 1005 sapienti
474 929 599 987 viro
644 927 917 986 decorum
958 927 1159 1005 fuerit,
1213 928 1362 987 unde
1423 930 1605 989 amico
1662 929 1948 987 infamiam
1991 937 2178 1006 paret,

178 1013 315 1073 inde
345 1011 589 1087 gloriam
616 1011 731 1071 sibi
758 1012 1073 1089 recipere?
1136 1011 1226 1071 his
1259 1012 1434 1071 adicit
1468 1012 1834 1089 complexum
1863 1021 1922 1070 et
1953 1012 2175 1086 oscula,

142 1098 373 1157 ,factus
416 1104 613 1155 natura
657 1103 715 1153 et
756 1094 1165 1154 consuetudine
1210 1097 1504 1154 exercitus
1539 1096 1737 1155 velare
1784 1095 1974 1155 odium
2013 1094 2172 1154 falla·
2197 1118 2250 1158 ιο

181 1180 347 1241 cibus
389 1178 695 1239 blanditiis.
773 1180 1039 1254 Seneca,
1080 1179 1176 1256 qui
1220 1180 1350 1237 linis
1393 1180 1638 1239 omnium
1683 1198 1812 1237 cum
1855 1179 2178 1239 dominante

180 1279 527 1338 sermonum,
558 1271 757 1338 grates
780 1263 928 1338 agit:
960 1261 1063 1321 sed
1086 1264 1339 1321 instituta
1365 1264 1575 1339 prioris
1605 1264 1898 1341 potentiae
1929 1278 2176 1321 commn-

181 1358 296 1423 tat,
344 1346 614 1425 prohibet
643 1355 847 1405 coetus
878 1345 1269 1423 salutantium,
1311 1346 1450 1405 vitat
1482 1348 1836 1421 comitantia,
1879 1364 2043 1406 rarus
2074 1362 2178 1422 per

180 1432 418 1505 urbem,
464 1433 625 1508 quasi
657 1428 985 1489 valetudine
1032 1430 1257 1489 infensa
1289 1439 1384 1489 aut
1419 1431 1735 1508 sapientiae
1779 1429 1982 1489 studiis
2023 1428 2176 1488 demi

180 1516 556 1576 adtineretur.
1367 1514 1370 1523 '
2197 1532 2250 1571 1⁵

309 1600 409 1658 57.
460 1596 741 1656 Perculso
782 1598 1007 1656 Seneca
1040 1605 1368 1675 promptum
1400 1597 1506 1656 fuit
1543 1597 1754 1657 Rufum
1790 1596 2066 1658 Faenium
2095 1597 2176 1655 in-.

178 1684 439 1742 minuere
472 1680 836 1760 Agrippinae
864 1683 1166 1740 amicitiam
1200 1683 1258 1740 in
1290 1699 1364 1739 eo
1400 1681 1844 1741 criminantibus.
1913 1680 2176 1743 validior-

184 1784 296 1845 que
344 1768 400 1824 in
442 1765 568 1824 dies
599 1765 922 1841 Tigellinus
951 1775 1009 1824 et
1037 1766 1214 1825 malas
1251 1773 1438 1839 artes,
1485 1762 1690 1841 quibus
1723 1765 1864 1824 solis
1897 1762 2178 1841 pollebat,

181 1851 477 1925 gratiores
506 1857 683 1925 ratus,
716 1851 763 1908 si
798 1850 1117 1928 principem
1142 1849 1426 1907 societate
1453 1846 1742 1907 scelerum
1767 1846 2176 1919 obstringeret,

178 1940 369 1987 metus
400 1934 523 1989 eius
564 1935 824 2003 rimatnr3
870 1940 1268 2010 conpertoque
1299 1929 1558 1987 Plautum
1591 1936 1646 1986 et
1679 1924 1894 1983 Sullam
1929 1928 2171 1985 maxime
2200 1942 2226 1979 5

180 2014 400 2086 timeri,
442 2013 699 2074 Plautum
739 2020 797 2074 in
836 2016 1064 2090 Asiam,
1108 2013 1326 2072 Sullam
1361 2014 1418 2066 in
1460 2007 1700 2065 Galliam
1738 2006 2179 2066 Narbonensem

180 2112 367 2172 nuper
402 2105 649 2174 amotos,
680 2097 1036 2156 nobilitatem
1069 2107 1267 2148 eorum
1293 2089 1731 2165 ‹et-propinquos
1756 2087 1888 2149 huic
1917 2090 2178 2164 orientia,

180 2175 269 2231 illi
309 2177 647 2254 Germaniae
668 2176 985 2232 exercitus
1030 2179 1458 2231 commemorat.
1519 2188 1636 2230 non
1677 2191 1772 2249 se,
1821 2181 1881 2232 ut
1918 2171 2178 2248 Burrum,

183 2255 449 2313 diversas
492 2274 663 2332 spes,
714 2254 818 2314 sed
862 2254 1047 2312 solam
1092 2253 1538 2314 incolumitatem
1579 2254 1830 2317 Neronis
1874 2266 2173 2336 spectare;

184 2339 275 2398 cui
305 2339 505 2396 >caveri
540 2347 845 2415 utcumque
871 2336 945 2396 ab
974 2337 1207 2397 urbanis
1238 2337 1462 2407 insidiis,
1477 2342 1769 2416 praesenti
1795 2358 2010 2418 opera:
2045 2341 2170 2400 lon·
2193 2353 2247 2394 ιο

182 2423 435 2500 ginquos
466 2429 659 2479 'motus
688 2437 935 2498 quonam
962 2420 1138 2480 modo
1174 2423 1470 2500 comprimi
1504 2419 1722 2501 posse?
1781 2433 2010 2484 erectas
2041 2423 2172 2484 Gal·
2268 2473 2276 2481 .

182 2506 293 2566 lias
324 2505 395 2578 ad
423 2521 633 2564 nomen
662 2504 1054 2582 dictatorium,
1084 2523 1197 2564 nec
1222 2506 1404 2566 minus
1435 2508 1753 2583 suspensos
1780 2506 1957 2568 Asiae
1993 2523 2172 2585 popu·

183 2590 275 2649 los
308 2588 647 2649 claritudine
674 2589 767 2650 avi
792 2587 985 2648 Drusi.
1046 2589 1264 2649 Sullam
1295 2589 1569 2667 inopem,
1611 2589 1760 2650 unde
1804 2589 2175 2668 praecipuam

182 2673 494 2749 audaciam,
525 2681 583 2732 et
612 2672 999 2732 simulatorem
1026 2673 1341 2750 segnitiae,
1371 2672 1502 2732 dum
1531 2673 1833 2754 temeritati
1863 2673 2054 2733 locum
2083 2691 2173 2732 re-

184 2758 419 2836 periret.
478 2756 739 2816 Plautum
778 2757 1001 2832 magnis
1043 2757 1252 2835 opibus
1297 2775 1372 2816 ne
1417 2756 1639 2832 fingere
1681 2755 1908 2835 quidem
1957 2757 2172 2836 cupidi·
2195 2770 2247 2810 1⁵

180 2857 313 2900 nem
344 2842 464 2917 otii,
493 2840 599 2900 sed
626 2849 887 2900 veterum
919 2841 1305 2904 Romanorum
1331 2842 1676 2899 imitamenta
1713 2840 2048 2919 praeferre,
2079 2839 2173 2899 ad·-

182 2933 407 3002 sumpta
450 2927 621 2985 etiam
652 2925 979 2984 Stoicorum
1018 2924 1358 3000 adrogantia
1387 2933 1696 3002 sectaque,
1739 2941 1886 3002 quae
1916 2922 2175 2983 turbidos

115 3072 126 3081 ,
182 3017 243 3068 et
273 3010 643 3084 negotiorum
671 3008 1014 3086 adpetentes
1034 3009 1227 3068 faciat.
1283 3025 1396 3067 nec
1417 3007 1562 3074 ultra
1585 3025 1764 3067 mora.
1821 3006 1982 3067 Sulla
2005 3015 2173 3066 sexto

182 3092 277 3151 die
330 3094 625 3170 pervectis
674 3091 987 3152 Massiliam
1042 3089 1488 3172 percussoribus
1535 3099 1666 3151 ante
1720 3101 1928 3153 metum
1975 3099 2034 3150 et
2079 3108 2172 3149 ru-

180 3193 399 3235 morem
451 3176 821 3251 interficitur,
878 3193 1004 3236 cum
1052 3174 1322 3253 epulandi
1363 3192 1536 3236 causa
1575 3174 1980 3234 discumberet.
2042 3191 2172 3253 per·
2191 3191 2247 3232 κο

182 3259 357 3319 latum
391 3269 577 3338 caput
622 3260 745 3319 eius
788 3258 981 3318 inlusit
1022 3259 1183 3319 Nero
1234 3267 1520 3336 tamquam·
1539 3267 1919 3356 ‘praematura
1968 3258 2175 3318 canitie

178 3342 465 3403 deforme.
800 3391 809 3404 .

310 3428 411 3488 58.
454 3426 660 3488 Plauto
691 3429 883 3506 parari
910 3443 1115 3488 necem
1144 3442 1260 3486 non
1291 3425 1536 3505 perinde
1568 3424 1854 3486 occultum
1887 3425 2013 3500 fuit,
2047 3423 2178 3502 quia
