2475 4000
732 228 942 277 menn
969 231 1070 278 111.
1105 232 1256 278 cAP.
1284 230 1522 285 33-38,
2028 220 2110 281 95

119 385 381 443 intentius
421 393 736 444 excusante
791 403 857 445 se
907 383 1161 463 Lepido,
1213 402 1342 445 cum
1384 385 1765 447 valetudinem
1824 389 2113 467 corporis,
2138 399 2163 439 ⁵

120 477 358 528 aetatem
402 468 671 545 liberum,
718 468 969 529 nubilem
1017 468 1190 528 liliam
1230 467 1602 547 obtenderet,
1644 470 2113 547 Intellegeretur-

119 571 226 631 que
257 553 428 611 etiam
457 552 612 630 quod
658 552 900 630 silebat,
948 552 1289 612 avunculum
1335 570 1467 611 esse
1499 553 1691 613 Seiani
1724 554 1991 615 Blaesum
2030 566 2112 617 at-

117 654 224 715 que
271 652 350 713 eo,
389 636 798 715 praevalidum.
874 635 1177 713 respondit
1215 635 1459 695 Blaesus
1512 638 1715 715 specie
1770 642 2111 716 recusantis,

115 721 215 780 sed
242 738 434 799 neque
459 720 664 780 eadem
683 720 1148 797 adseveratione,
1185 729 1244 779 et
1268 737 1561 779 consensu
1586 720 1931 781 adulantium
1949 724 2106 783 adiu-

113 814 200 864 tus
230 813 340 864 est.
2135 822 2184 863 ιο

231 888 334 951 36.
379 886 550 947 Exim
604 897 926 967 promptum
995 886 1148 966 quod
1196 887 1502 947 multorum
1552 889 1761 950 intimis
1814 890 2112 965 questibus-

109 972 434 1050 tegebatur.
492 970 802 1031 incedebat
835 976 984 1031 enim
1013 970 1323 1031 deterrimo
1356 973 1563 1049 cuique
1610 971 1842 1031 licentia
1884 972 2110 1050 impune

109 1057 320 1134 probra
351 1065 409 1115 et
441 1055 706 1116 invidiam
747 1058 804 1116 in
843 1056 1033 1115 bonos
1079 1054 1364 1115 excitandi
1406 1064 1637 1133 arrepta
1680 1055 1927 1134 imagine
1966 1054 2112 1115 Cae-

110 1143 283 1211 saris;
337 1138 646 1219 libertique
687 1142 858 1201 etiam
903 1158 974 1199 ac
1023 1140 1179 1199 servi
1227 1147 1473 1218 patrono
1519 1139 1613 1198 vel
1664 1139 1931 1215 domino,
1984 1158 2110 1201 cum

108 1243 324 1299 voces,
369 1242 498 1283 cum
538 1242 735 1285 manus
763 1226 1138 1299 intentarent,
1171 1222 1318 1283 ultro
1350 1221 1771 1283 metuebantur.
1832 1224 2008 1299 igitur
2044 1222 2107 1283 C.
2138 1232 2162 1269 ⁵

109 1307 337 1368 Cestius
387 1317 624 1369 senator
669 1308 956 1375 ,disseruit
1010 1308 1307 1386 principes
1360 1306 1588 1385 quidem
1639 1308 1817 1366 instar
1868 1306 2107 1367 deorum

106 1411 274 1468 esse,
320 1392 424 1451 sed
454 1410 644 1469 neque
671 1410 708 1451 a
748 1392 835 1451 dis
877 1392 986 1451 nisi
1038 1391 1216 1450 instas
1266 1392 1589 1470 supplicum
1642 1409 1852 1468 preces
1908 1391 2107 1467 audiri,

101 1494 298 1554 neque
339 1493 680 1553 quemquam
723 1476 780 1534 in
821 1473 1167 1552 Capitolium
1217 1474 1404 1535 aliave
1446 1475 1603 1537 urbis
1654 1475 1875 1553 templa
1912 1476 2106 1555 perfu-

101 1579 274 1637 gere,
307 1567 369 1619 ut
399 1576 470 1618 eo
501 1558 762 1619 subsidio
791 1558 864 1618 ad
893 1558 1110 1635 flagitia
1139 1567 1343 1619 utatur.
1402 1559 1651 1621 abolitas
1693 1560 1861 1637 leges
1896 1570 1953 1619 et
1981 1562 2105 1619 fun-

104 1646 254 1704 ditus
290 1660 520 1719 versas,
553 1644 650 1703 nbi
681 1645 737 1702 in
769 1643 936 1719 foro,
979 1644 1036 1703 in
1082 1642 1273 1705 limine
1297 1645 1493 1705 curiae
1530 1643 1603 1703 ab
1647 1644 1831 1705 Annia
1873 1642 2103 1720 Rufina,
2128 1662 2177 1702 ιο

104 1746 272 1807 quam
301 1727 519 1788 fraudis
558 1727 663 1787 sub
693 1727 882 1789 iudice
927 1727 1345 1804 damnavisset,
1396 1726 1613 1806 probra
1662 1727 1770 1787 sibi
1812 1737 1872 1787 et
1918 1729 2106 1789 minae

100 1813 489 1889 intendantur,
535 1830 724 1891 neque
754 1814 881 1893 ipse
927 1810 1132 1873 audeat
1168 1814 1257 1871 ius
1299 1812 1553 1889 experiri
1596 1810 1670 1870 ob
1712 1812 1965 1887 effigiem
2006 1815 2105 1871 im·
2150 1816 2159 1836 ¹

101 1898 394 1974 peratoris
425 1900 772 1976 oppositam.
839 1893 988 1955 haud
1020 1894 1319 1957 dissimilia
1350 1894 1445 1953 alii
1476 1903 1535 1953 et
1564 1892 1791 1970 quidam
1816 1899 2106 1956 atrociora

99 1980 693 2061 circumstrepebant,
771 1980 1275 2060 precabanturque
1340 1976 1586 2041 Drusum
1648 1976 1813 2038 daret
1874 1978 2105 2038 ultionis

97 2066 452 2145 exemplum,
484 2065 674 2126 donec
705 2067 948 2126 accitam
977 2061 1421 2140 convictamque
1462 2061 1687 2121 attineri
1731 2060 1962 2140 publica
2011 2079 2103 2152 ‹Ju-
2130 2085 2179 2126 15

95 2149 294 2209 stodia
321 2151 503 2207 iussit.

232 2230 333 2291 37.
379 2231 454 2290 Et
483 2229 788 2291 Considius
817 2231 1058 2308 Aequus
1099 2238 1160 2290 et
1205 2229 1437 2290 Caelius
1470 2228 1689 2292 Cursor
1723 2231 1952 2309 equites
1986 2228 2103 2290 Ro-

95 2316 277 2389 mani,
313 2313 464 2392 quod
511 2316 662 2374 fictis
705 2316 1018 2374 maiestatis
1062 2314 1391 2376 criminibus
1425 2314 1679 2392 Magium
1718 2312 2104 2375 Caecilianum

98 2407 436 2478 praetorem
467 2399 836 2477 petivissent,
881 2408 1118 2459 auctore
1161 2401 1423 2478 principe
1467 2416 1536 2458 ac
1580 2398 1821 2458 decreto
1871 2407 2104 2458 senatus

95 2483 302 2562 puniti.
355 2491 658 2562 utrumque
687 2485 744 2542 in
779 2483 1003 2544 laudem
1027 2481 1202 2544 Drusi
1230 2483 1595 2548 trahebatur:
1628 2481 1701 2542 ab
1738 2499 1811 2541 eo
1848 2483 1903 2542 in
1936 2481 2101 2556 urbe,

97 2571 252 2628 inter
288 2576 494 2628 coetus
519 2577 578 2627 et
606 2585 908 2628 sermones
936 2568 1222 2628 hominum
1252 2567 1628 2642 obversa-nte,
1672 2573 1901 2625 secreta
1927 2566 2105 2643 patris
2132 2578 2158 2616 5

97 2654 374 2729 mitigari.
437 2670 626 2730 neque
657 2652 826 2712 luxus
853 2654 910 2711 in
941 2655 1148 2713 iuvene
1184 2653 1334 2713 adeo
1358 2649 1737 2729 displicebat:
1775 2649 1888 2709 huc
1913 2651 2104 2729 potius

97 2735 460 2814 intenderet,
493 2736 639 2796 diem
661 2744 698 2806 †
725 2736 1215 2800 aedificationibus
1232 2783 1250 2814 ,
1280 2746 1509 2796 noctem
1536 2735 1817 2795 conviviis
1848 2733 2103 2808 trahere,

101 2839 271 2898 qnam
305 2821 467 2881 solus
497 2830 556 2880 et
583 2820 754 2881 nullis
793 2819 1182 2898 voluptatibus
1221 2829 1503 2882 avocatus
1544 2829 1819 2880 maestam
1864 2817 2105 2894 vigilan-

97 2907 234 2965 tiam
269 2913 328 2964 et
355 2906 538 2966 malas
573 2923 743 2964 curas
778 2914 1104 2964 exerceret.

229 2987 331 3052 38.
386 2989 517 3053 Non
571 2992 720 3049 enim
769 2988 1073 3064 Tiberius,
1125 3005 1241 3048 non
1302 2995 1678 3048 accusatores
1736 2982 2104 3045 fatiscebant.

95 3083 156 3133 et
185 3073 516 3134 Ancharius
559 3073 793 3134 Priscus
841 3071 1111 3133 Caesium
1155 3069 1405 3132 Cordum
1448 3070 1555 3150 pio
1610 3069 1850 3132 consule
1892 3066 2105 3127 Cretae

93 3158 500 3235 postulaverat
527 3157 883 3237 repetundis,
920 3156 1114 3217 addite
1143 3156 1459 3216 maiestatis
1488 3157 1758 3231 crimine,
1804 3151 1958 3232 quod
1988 3159 2120 3210 tum.

97 3243 350 3302 omniu-m
385 3236 837 3306 'accusationum
897 3241 1379 3320 complementum
1436 3247 1578 3298 erat.
1666 3235 1884 3298 Caesar
1940 3235 2103 3295 Ant-i-

95 3329 268 3386 stium
317 3327 594 3387 Veterem
639 3346 673 3388 e
723 3326 1074 3407 primoribus
1124 3323 1529 3399 Macedoniae,
1580 3322 1902 3384 absolutum
1948 3319 2101 3380 adul·
2127 3337 2154 3376 5

95 3412 254 3484 terii,
288 3411 588 3489 increpitis
616 3411 894 3471 iudicibus
931 3410 1001 3471 ad
1034 3408 1335 3469 dicendam
1374 3408 1687 3469 maiestatis
1733 3424 1965 3467 causam
2012 3423 2102 3463 re-

93 3495 304 3572 traxit,
359 3503 420 3554 nt
472 3493 754 3554 turbidum
808 3503 866 3554 et
915 3493 1375 3573 Rhescuporidis
1429 3493 1685 3554 consiliis
1741 3492 2101 3571 permixtum,
