2475 4000
673 209 684 235 “
783 223 992 269 LIBER.
1019 223 1120 269 111.
1157 223 1308 271 cnr.
1334 220 1539 275 7—12.
1617 268 1626 280 ,
1830 179 1840 183 ’
2090 213 2169 277 83

162 376 416 440 validum
447 386 508 435 et
538 376 932 438 conscientiae
960 378 1156 437 matris
1186 378 1455 437 innexum
1485 396 1650 446 esse;
1700 397 1957 458 veraque
1988 391 2081 442 aut
2110 384 2166 442 in

161 462 424 524 deterius
459 460 679 521 credita
709 460 900 523 iudice
933 460 1004 520 ab
1035 479 1148 523 uno
1183 460 1413 521 facilius
1446 461 1733 537 discerni,
1767 464 1957 523 odium
1990 474 2050 524 et
2080 468 2233 531 itt-10

159 545 370 607 vidium
414 544 564 623 apud
605 544 816 609 multos
845 544 1080 627 finiere.
1169 544 1319 605 haud
1370 544 1613 605 fallebat
1653 543 1941 609 Tiberium
1975 550 2165 609 moles

157 629 510 707 cognitionis
543 646 770 707 quaque
804 629 934 706 ipse
969 628 1120 694 fama
1153 628 1593 691 distraheretur.
1661 630 1833 705 igitur
1858 635 2058 709 paucis
2080 635 2162 695 fa-

151 714 456 776 miliarium
493 712 760 775 adhibi-tis
791 714 974 775 minas
1017 714 1411 775 accusantium
1454 722 1513 772 et
1552 712 1688 775 binc
1743 732 1955 792 preces
2010 718 2164 778 audit

103 818 106 821 ⁴
149 800 558 875 integramque
593 814 824 859 causam
853 797 927 860 ad
957 807 1215 860 senatum
1246 798 1499 859 remittit.

289 884 384 942 11.
449 883 644 959 Atque
681 882 908 941 interim
951 880 1174 944 Drusus
1215 882 1449 941 rediens
1489 880 1765 959 Illyrico,
1831 900 2165 960 quamquam

150 976 352 1047 patres
399 967 764 1029 censuissent
805 965 881 1028 ob
921 974 1226 1044 receptum
1273 964 1689 1025 Maroboduum
1732 976 1791 1026 et
1831 984 1927 1025 res
1970 969 2165 1045 priore

144 1059 378 1113 aestate
411 1059 612 1127 gestas
642 1059 704 1112 ut
735 1067 918 1114 ovans
949 1050 1136 1127 iniret,
1170 1050 1402 1129 prolato
1438 1050 1661 1109 honore
1694 1050 1895 1111 urbem
1919 1051 2163 1113 intravit.

149 1144 290 1214 post
323 1152 472 1212 quae
499 1152 604 1194 reo
647 1132 710 1193 L'.
745 1134 1107 1210 Arruntium,
1151 1133 1215 1194 L.
1249 1134 1567 1209 Vinicium,
1617 1132 1877 1195 Asinium
1922 1133 2164 1213 Gallum,

146 1221 538 1282 Aeserninum
567 1217 928 1294 Marcellum,
967 1219 1108 1281 Sex.
1141 1218 1477 1297 Pompeium
1510 1227 1787 1296 patronos
1817 1221 2038 1298 petenti
2068 1221 2160 1280 iis·
2190 1239 2215 1277 5

149 1322 267 1383 que
301 1304 534 1364 diversa
566 1302 980 1364 excusantibus
1007 1301 1118 1361 Μ’.
1149 1301 1402 1380 Lepidus
1434 1312 1493 1361 et
1521 1302 1583 1363 L.
1616 1302 1749 1363 Piso
1784 1312 1842 1363 et
1874 1302 2166 1365 Livineius

145 1387 416 1465 Regulus
451 1387 716 1463 adfuere,
754 1387 990 1449 adrecta
1023 1388 1172 1446 omni
1208 1389 1473 1462 civitate,
1524 1396 1733 1465 quanta
1776 1387 1925 1447 fides
1966 1388 2165 1448 amicis

147 1472 518 1546 Germanici,
563 1489 712 1548 quae
755 1470 965 1533 fiducia
1005 1488 1144 1540 reo;
1197 1472 1347 1531 satin
1392 1470 1693 1532 cohiberet
1750 1488 1819 1531 ac
1873 1482 2165 1549 premeret

146 1552 360 1615 se'nsus
394 1572 533 1617 suos
568 1554 853 1615 Tiberius.
929 1557 978 1616 is
1021 1554 1170 1633 haud
1205 1554 1347 1615 alias
1385 1555 1685 1632 intentior,
1733 1554 1987 1634 populus
2033 1558 2163 1634 plus

145 1640 261 1700 sibi
293 1641 349 1698 in
382 1641 707 1718 principem
747 1639 1013 1703 occultae
1057 1641 1222 1701 vocis
1265 1648 1363 1699 aut
1408 1641 1727 1719 suspicacis
1770 1639 1983 1700 silentii
2024 1657 2158 1759 per·
2183 1655 2234 1695 10

146 1726 321 1785 misit.

281 1810 378 1869 12.
427 1808 538 1869 Die
575 1818 809 1871 senatus
841 1806 1061 1869 Caesar
1104 1808 1425 1883 orationem
1468 1807 1667 1867 habuit
1706 1808 1981 1867 medita-to
2019 1816 2159 1871 tem·

96 1914 104 1927 ¹
145 1904 508 1973 pei-amento.
566 1898 748 1974 patris
781 1896 872 1954 sui
901 1893 1155 1971 legatum
1183 1902 1357 1973 atque
1392 1894 1634 1953 amicum
1676 1890 1944 1955 Pisonem
1980 1896 2161 1957 fuisse

145 1977 584 2057 adiutoremque
634 1978 976 2040 Germanico
1023 1978 1218 2041 datum
1260 1996 1293 2040 a
1337 1994 1405 2038 se
1460 1987 1699 2039 auctore
1746 1987 1945 2039 senatu
1988 1978 2163 2040 rebus

145 2063 305 2142 apud
340 2065 622 2123 orientem
653 2063 1136 2124 administrandis.
1203 2064 1327 2125 illic
1360 2063 1721 2123 contumacia
1754 2072 1813 2122 et
1838 2065 2159 2122 certamini-

142 2147 256 2206 bus
290 2156 626 2224 asperasset
653 2149 925 2206 iuvenem
961 2149 1390 2226 exituque‘eius
1424 2147 1673 2208 laetatus
1704 2155 1897 2223 esset,
1927 2165 1997 2206 an
2030 2165 2156 2207 sce·
2183 2162 2209 2201 5

147 2231 280 2288 lere
313 2230 678 2306 extinxisset,
707 2233 952 2306 integris
985 2233 1184 2291 animis
1217 2231 1657 2300 diiudicandum.
1721 2237 1885 2293 ‘nam
1914 2233 1963 2292 si
1996 2231 2157 2310 lega-

144 2322 240 2372 tus
276 2312 453 2372 officii
484 2315 782 2390 terminos,
811 2313 1162 2394 obsequium
1199 2334 1342 2393 erga
1378 2317 1792 2396 imperatorem
1824 2317 1982 2377 exuit
2008 2319 2157 2378 eius-

144 2397 398 2474 demque
430 2405 614 2456 morte
648 2407 706 2457 et
738 2399 894 2458 luctu
931 2415 1060 2459 meo
1093 2401 1339 2460 laetatus
1371 2411 1492 2477 est,
1544 2401 1724 2461 odero
1762 2417 2157 2477 seponamque

145 2500 177 2540 a
211 2479 388 2540 domo
420 2497 548 2541 meu
580 2490 638 2540 et
681 2483 937 2560 privata-s
977 2484 1447 2544 inimicitias-non
1480 2486 1536 2544 vi
1568 2485 1847 2564 principis
1878 2484 2157 2544 ulciscar:

147 2567 234 2624 sin
269 2565 496 2625 facinus
528 2566 583 2624 in
615 2568 1027 2646 cuiuscumque
1055 2569 1381 2629 mortalium
1413 2587 1562 2628 nece
1608 2567 2011 2627 vindicandum
2056 2567 2152 2626 de·
2180 2583 2229 2622 ιο

145 2651 380 2726 tegitur,
420 2667 528 2709 vos
557 2667 704 2710 vero
743 2660 802 2710 et
828 2651 1048 2714 liberos
1085 2653 1411 2713 Germanici
1443 2662 1502 2713 et
1541 2670 1651 2712 nos
1682 2660 1955 2731 parentes
1994 2651 2158 2710 iustis

145 2735 382 2794 solaciis
417 2733 667 2794 adficite.
735 2736 1016 2816 simulque
1047 2737 1190 2797 illud
1219 2745 1511 2816 reputate,
1539 2735 1770 2796 turbide
1796 2743 1855 2795 et
1880 2736 2157 2796 seditiose

131 2819 482 2890 ,tractaverit
513 2821 810 2878 exercitus
841 2819 997 2896 Piso,
1034 2823 1295 2900 quaesita
1320 2822 1430 2881 sint
1456 2839 1563 2900 per
1582 2820 1946 2882 ambitionem
1970 2817 2157 2879 studia

144 2903 405 2978 militum,
445 2904 620 2963 armis
653 2905 904 2983 repetita
933 2906 1257 2984 provincia,
1291 2924 1363 2966 an
1394 2905 1543 2966 falsa
1572 2905 1719 2966 haec
1752 2907 1807 2964 in
1830 2905 2011 2964 maius
2031 2901 2155 2962 vul-

145 2989 412 3061 gaverint
443 2998 848 3066 accusatores,
871 3006 1122 3068 quo-rum
1155 3007 1268 3066 ego
1305 2991 1489 3050 nimiis
1520 2991 1721 3050 studiis
1754 2991 1879 3048 iure
1916 2999 2227 3048 sussen-15

145 3087 271 3130 seo.
339 3089 466 3131 nam
525 3090 640 3151 quo
695 3075 967 3152 pertinuit
1029 3074 1246 3134 nudare
1296 3066 1510 3153 c'orpus
1568 3084 1629 3134 et
1682 3069 2156 3133 contrectandum

144 3155 302 3232 vulgi
323 3155 511 3215 oculis
527 3160 865 3234 permittere
881 3157 1219 3237 differrique
1246 3159 1415 3219 etiam
1439 3178 1545 3238 per
1572 3169 1849 3219 externos
1873 3165 2156 3234 tamquam

146 3255 374 3300 veneno
407 3242 766 3322 interceptus
808 3252 1000 3320 esset,
1045 3243 1095 3301 si
1134 3243 1357 3304 incerta
1390 3243 1577 3304 adhuc
1606 3245 1717 3302 ista
1758 3251 1817 3302 et
1848 3238 2155 3302 scrutanda

149 3321 318 3384 sunt?
352 3323 542 3386 defleo
569 3328 856 3406 equidem
899 3327 1074 3387 fllium
1111 3345 1301 3386 meum
1340 3345 1691 3406 semperque
1741 3325 2001 3387 deflebo:
2051 3323 2153 3382 sed

147 3422 337 3486 neque
369 3427 531 3470 reum
564 3411 850 3488 prohibeo
883 3429 996 3490 quo
1027 3413 1212 3471 minus
1247 3422 1449 3473 cuncta
1486 3411 1782 3492 proferat,
1833 3409 2040 3488 quibus
2070 3409 2150 3468 in·
2172 3429 2227 3468 20

151 3495 415 3553 nocentia
447 3495 576 3577 qius
607 3495 902 3556 sublevari
937 3505 1065 3573 aut,
1109 3497 1160 3555 si
1204 3513 1314 3574 qua
1361 3497 1466 3558 fuit
1507 3493 2155 3640 ἰιιίιῙιιίιοεὸίὲειιιιαιιίεἰ,
