2475 4000
379 172 482 231 44'
867 178 1193 227 coannnn
1233 177 1465 225 nom
1504 175 1867 225 summum

335 334 597 403 stacilius
637 332 842 391 fluctus
886 331 1234 401 tolerarent;
1280 332 1556 410 quaedam
1601 332 1807 410 planae
1853 334 2096 408 earinis,
2140 342 2208 391 ut
2254 334 2379 393 sine

373 436 526 483 noxa
557 416 840 485 siderent;
883 415 1085 494 plures
1120 415 1400 494 adpositis
1430 417 1711 494 utrimque
1739 415 2187 493 gubernamine,
2243 436 2377 477 con·
2467 430 2468 489 ξ

371 519 544 567 verso
585 510 647 560 ut
684 508 927 578 repente
955 500 1200 577 remigio
1229 498 1363 558 hinc
1391 499 1487 559 vel
1526 498 1683 559 illinc
1713 500 2104 578 adpellerent,
2154 501 2377 561 multae
2467 504 2468 575 j

369 584 640 669 pontibus
670 592 924 658 stratae,
957 600 1134 660 super
1165 600 1307 661 quas
1341 591 1622 643 tormenta
1651 583 2031 661 veherentur,
2070 585 2248 643 simul
2280 604 2373 681 ap·
2467 580 2468 653 f

370 683 464 733 tae
503 668 761 729 ferendis
797 668 960 744 equis
993 674 1090 725 aut
1117 669 1487 744 commeatui3
1528 666 1676 725 velis
1706 666 1963 744 habiles,
2008 670 2163 727 citae
2190 672 2375 728 remis

303 779 351 819 ιο
369 752 726 830 augebantur
765 750 1060 809 alacritate
1103 749 1338 809 militum
1379 750 1437 809 in
1479 752 1740 827 speciem
1783 769 1852 811 ac
1902 760 2215 811 terrorem.
2292 754 2372 811 in-

369 839 495 899 sula
522 836 865 896 Batavorum
903 835 962 891 in
1007 851 1176 911 quam
1217 834 1593 893 convenirent
1633 835 1960 913 praedicta,
2021 834 2101 893 >ob
2154 835 2375 895 faciles
2467 886 2468 911 Ξ

370 922 642 1000 adpulsus
685 916 1154 996 accipiendisque
1195 918 1383 994 copiis
1422 925 1481 977 et
1518 918 2005 978 transmittendum
2050 918 2125 978 ad
2152 918 2375 978 bellum

370 1014 676 1086 oportuna.
761 1019 890 1062 nam
929 1000 1166 1060 Rhenus
1215 1019 1329 1060 uno
1388 1000 1557 1061 alveo
1614 1002 1917 1065 continuus
1964 1010 2063 1061 aut
2104 1002 2375 1061 modicas
2467 1012 2468 1073 ᾗ

367 1089 581 1149 insulas
630 1085 1087 1146 circumveniens
1131 1084 1282 1162 apud
1324 1085 1665 1164 principium
1710 1086 1836 1161 agri
1866 1084 2066 1145 Batavi
2104 1086 2277 1145 velut
2318 1089 2373 1145 in

299 1190 348 1230 15
369 1174 516 1233 duos
565 1180 764 1231 amnes
803 1167 1100 1245 dividitur,
1155 1177 1464 1246 servatque
1514 1186 1722 1227 nomen
1762 1178 1823 1227 et
1865 1169 2203 1229 violentiam
2244 1188 2370 1229 cnr-

368 1276 466 1318 sus
485 1300 503 1329 ,
551 1273 660 1333 qua
691 1253 1050 1313 Germaniam
1079 1251 1486 1330 praevehitur‚
1532 1252 1722 1311 donec
1750 1251 1987 1311 Oceano
2022 1253 2369 1313 misceatur:

367 1340 437 1400 ad
463 1337 738 1398 Gallicam
759 1336 944 1413 ripam
972 1334 1146 1395 latior
1169 1345 1227 1395 et
1249 1336 1532 1415 placidior
1556 1335 1814 1396 adfluens
1834 1370 1917 1381 —-
1938 1354 2117 1395 verso
2146 1354 2367 1413 cogno-

363 1430 557 1481 mento
577 1419 861 1479 Vahalem
881 1418 1122 1478 accolae
1141 1418 1335 1479 dicunt
1360 1454 1475 1496 -‚
1508 1437 1643 1479 mox
1668 1419 1727 1479 id
1755 1435 1987 1497 quoque
2017 1420 2367 1479 vocabulum

364 1512 540 1565 mutat
567 1502 733 1563 Mosa
779 1501 1008 1559 flumine
1050 1503 1293 1581 eiusque
1334 1505 1597 1563 inmenso
1646 1520 1749 1562 ore
1798 1502 2041 1562 eundem
2086 1506 2145 1561 in
2184 1503 2365 1563 Ocea-

296 1603 348 1644 20
368 1606 499 1649 num
529 1576 849 1646 effunditur.
1963 1620 1973 1625 -

495 1674 553 1731 7.
615 1667 732 1728 Sed
777 1666 1026 1743 Caesar,
1085 1668 1213 1727 dum
1258 1669 1559 1743 adiguntur
1602 1688 1812 1746 nave8‚
1867 1670 2066 1730 Silium
2114 1671 2366 1748 legatam

368 1774 497 1816 cum
526 1751 796 1831 expedita
826 1766 991 1809 manu
1020 1752 1403 1829 inruptionem
1431 1752 1488 1808 in
1520 1750 1761 1813 Chattos
1788 1754 1987 1813 facere
2013 1754 2209 1813 iubet:
2240 1758 2365 1833 ipse

365 1838 558 1903 audito
603 1834 901 1896 castellum
935 1833 1148 1913 Lupiae
1194 1834 1405 1894 flumini
1442 1834 1763 1913 adpositum
1804 1836 2093 1913 obsideri,
2134 1856 2247 1897 sex
2290 1839 2365 1897 le·

365 1925 574 2003 giones
619 1939 690 1980 eo
733 1920 914 1979 duxit.
986 1930 1179 1996 neque·
1209 1919 1355 1978 Silio
1400 1917 1475 1977 ob
1508 1918 1727 1979 subitos
1756 1920 1968 1981 imbres
1998 1920 2157 1981 aliud
2181 1930 2367 1981 actum

326 2025 350 2064 5
371 2027 540 2088 quam
581 2015 642 2066 ut
669 2005 949 2065 modicam
981 2003 1253 2080 praedam
1286 2010 1343 2061 et
1372 2001 1521 2081 Arpi
1551 1991 1830 2084 principis
1860 2003 2203 2088 Chattorum
2230 2024 2363 2066 con·

317 2097 320 2102 '
364 2095 582 2168 iugem
599 2089 890 2164 filiamque
931 2096 1198 2164 raperet,
1241 2102 1433 2164 neque
1464 2086 1704 2148 Caesari
1736 2090 1962 2168 copiam
1995 2080 2235 2167 pugnae
2268 2109 2362 2168 op·

367 2189 635 2236 sessores
679 2171 909 2246 fecere,
949 2169 1021 2230 ad
1061 2171 1268 2231 famam
1308 2170 1585 2230 adventus
1630 2174 1753 2231 eius
1797 2173 2035 2252 dilapsi:
2094 2174 2365 2232 tumulum

363 2269 554 2328 tame-n
593 2271 778 2331 nuper
812 2255 1077 2313 Varianis
1120 2254 1451 2332 legionibus
1492 2264 1767 2315 structum
1808 2265 1869 2316 et
1910 2265 2173 2316 veterem
2212 2274 2365 2317 aram

233 2373 248 2393 ι
362 2341 560 2435 Druso
585 2337 748 2396 sitam
775 2333 1152 2396 disiecerant.
1201 2339 1449 2398 restituit
1480 2356 1636 2398 aram
1652 2338 1979 2418 honorique
2010 2342 2195 2418 patris
2215 2343 2362 2419 prin·

299 2445 348 2485 10
369 2439 512 2500 ceps
542 2423 670 2500 ipse
713 2439 862 2480 cum
886 2421 1215 2498 legionibus
1260 2421 1616 2490 decucurrit;
1662 2423 1931 2482 tumulum
1970 2424 2191 2483 iterare
2220 2424 2363 2484 haud

366 2502 567 2566 visum.
637 2513 696 2564 et
727 2514 930 2564 cuncta
957 2507 1108 2564 inter
1139 2505 1442 2565 castellum
1470 2503 1772 2566 Alisonem
1803 2525 1872 2566 ac
1898 2499 2163 2566 Rhenum
2198 2511 2364 2566 novis

363 2589 636 2650 limitibus
667 2589 1098 2666 aggeribusque
1130 2589 1727 2667 permunita..

491 2673 548 2734 8.
591 2673 825 2750 Iamque
873 2672 1079 2732 classis
1123 2671 1463 2748 advenerat,
1510 2689 1637 2732 eum
1678 2675 2015 2756 praemisso
2046 2683 2361 2734 commeatu

366 2767 422 2818 et
459 2756 820 2816 distributis
803 2775 860 2815 ιιι
889 2755 1160 2832 legiones
1192 2774 1264 2816 ac
1299 2757 1496 2815 socios
1525 2757 1765 2817 navibus
1797 2749 2057 2832 fossam,
2099 2759 2193 2817 cui
2220 2757 2360 2816 Dru·

362 2843 560 2902 sianae
603 2857 842 2917 nomen,
883 2842 1184 2915 ingressus
1227 2849 1615 2919 precatusque
1658 2841 1904 2900 Drusum
1947 2849 2171 2919 patrem
2210 2851 2273 2900 ut
2296 2859 2359 2899 se

365 2925 566 2986 eadem
615 2941 812 2985 ausum
854 2922 1042 2982 libens
1081 2923 1461 3002 placatusque
1504 2926 1774 3003 exemplo
1816 2943 1885 2984 ac
1916 2927 2196 2986 memoria
2230 2942 2359 2984 con-

311 3026 335 3065 5
363 3009 618 3069 siliorum
650 3016 820 3085 atque
853 3024 1093 3084 operum
1122 3008 1368 3085 iuvaret,
1414 3008 1577 3068 lacus
1605 3008 1737 3068 inde
1772 3017 1829 3067 et
1858 3008 2150 3068 Oceanum
2182 3025 2359 3087 usque

361 3093 432 3154 ad
459 3093 734 3152 Amisiam
773 3091 984 3150 flumen
1028 3091 1281 3152 secunda
1321 3094 1690 3169 navigatione
1733 3093 2086 3171 pervehitur.
2156 3093 2359 3152 classis

358 3176 616 3237 Amisiae
646 3175 852 3234 relicta
881 3173 1052 3234 laevo
1085 3191 1283 3253 amne,
1316 3185 1677 3254 erratumque
1708 3177 1764 3235 in
1794 3194 1867 3236 eo
1900 3175 2053 3254 quod
2080 3193 2201 3235 non
2232 3175 2357 3234 sub-

359 3262 516 3322 vexit
537 3268 646 3322 aut
665 3261 1024 3338 transposuit
1047 3222 1283 3319 militen:
1310 3258 1583 3318 dextras
1566 3277 1623 3318 ιιι
1646 3269 1833 3320 terras
1862 3262 2095 3328 iturum3
2137 3262 2215 3319 ita
2240 3259 2355 3354 plu-

359 3363 458 3402 res
489 3342 614 3404 dies
643 3343 967 3402 efficiendis
992 3337 1265 3421 pontibus
1296 3341 1597 3421 absumpti.
1655 3353 1714 3402 et
1735 3362 1917 3422 eques
1940 3343 2163 3422 quidem
2188 3361 2257 3403 ac
2260 3343 2356 3402 le·

290 3448 340 3491 10
358 3428 569 3502 giones
599 3428 778 3505 prima
809 3427 1128 3505 aestuaria,
1176 3426 1427 3486 nondum
1456 3425 1835 3487 adcrescente
1868 3427 2050 3504 unda,
2090 3424 2359 3504 intrepidi
