2475 4000
337 209 480 272 κ160
894 216 1225 266 connnnn
1257 214 1493 271 Τᾼοιτι
1524 214 1889 264 ANNALmu

356 373 559 434 sultum
593 368 1005 450 postulaverat.
1070 389 1181 449 quo
1220 387 1329 449 per
1367 371 1784 431 discessionem
1827 372 2002 433 facto'
2027 375 2180 433 misit
2217 373 2350 435 lite-
2462 429 2463 438 ,

307 478 333 516 s
354 475 448 516 ras
485 454 751 554 ‘Caesam
821 455 1045 516 modice
1103 453 1384 514 tribunum
1431 456 1748 536 *increpans
1805 458 2064 533 ignarum
2127 462 2354 558 antiqui
2462 467 2463 492 ³

354 540 530 599 moris
563 539 637 619 ob
654 541 972 606 iuventam.
1038 537 1202 599 Gallo
1234 538 1644 617 exprobrabat,
1679 540 1833 618 quod
1855 543 2131 601 scientiae
2165 546 2356 602 caeri-

354 625 777 701 moniarumque
808 633 973 682 vetus
1008 624 1230 682 incerto
1261 632 1519 698 auctore,
1553 633 1682 683 ante
1714 625 2050 684 sententiam
2083 627 2352 726 collegii,

356 725 491 783 non,
524 717 583 766 ut
612 707 867 784 adsolet,
911 707 1069 766 lecto
1114 723 1220 784 per
1257 708 1566 782 magistros
1609 710 2024 786 aestimatoque
2067 708 2352 786 carmine,

357 790 505 870 ap'ud
551 792 971 868 infrequentem
1014 799 1271 849 senatum
1321 792 1560 867 egisset.
1641 791 1806 850 simul
1873 795 2350 868 commonefecit,

288 893 337 933 ιο
358 876 487 955 quia
529 875 703 935 multa
741 893 887 936 vana
931 873 1035 932 sub
1080 875 1306 932 nomine
1353 874 1574 934 celebri
1615 874 2027 952 vulgabantur,
2083 879 2354 940 sanxisse

354 961 695 1036 Augustum,
726 975 897 1036 quem
928 959 1071 1017 intra
1104 956 1254 1016 diem
1283 957 1354 1016 ad
1387 967 1716 1034 praetorem
1745 958 2017 1020 urbanum
2049 959 2353 1019 deferren-

356 1053 447 1104 tur
476 1060 663 1120 neque
692 1041 911 1103 habere
941 1042 1215 1119 privatim
1230 1041 1461 1101 liceret.
1528 1043 1680 1120 quod
1709 1061 1742 1102 a
1769 1043 2080 1103 maioribus
2111 1061 2351 1122 quoque
2462 1063 2463 1076 ¹

358 1128 649 1187 decretum
680 1134 822 1186 erat
834 1135 969 1206 post
998 1133 1258 1184 exustum
1289 1125 1492 1184 sociali
1527 1125 1684 1186 bello
1723 1116 2088 1205 Capitolium,
2121 1130 2351 1206 quaesi·
2462 1167 2463 1210 3

357 1213 431 1270 tis
460 1212 663 1286 Samo,
710 1208 851 1285 Ilio,
892 1206 1187 1285 Erythris,
1229 1227 1338 1288 per
1378 1208 1636 1293 Africam
1676 1211 1842 1269 etiam
1892 1229 1961 1270 ac
2000 1212 2264 1271 Siciliam
2295 1221 2356 1270 et
2462 1239 2463 1278 ς

290 1309 338 1348 15
357 1294 587 1354 Italicas
620 1293 899 1369 colonias,
934 1292 1276 1358 carminibus
1307 1292 1594 1370 Sibullae,
1635 1312 1744 1352 una
1776 1296 1878 1353 sen
1916 1295 2114 1373 plures
2159 1297 2349 1371 fuere,

358 1378 605 1454 datoque
636 1375 1035 1436 sacerdotibus
1064 1379 1334 1452 negotio,
1381 1339 1648 1454 quantu’m
1689 1377 1926 1438 humana
1972 1397 2088 1458 ope
2129 1382 2347 1458 potuis-

345 1468 507 1533 sent,
540 1477 679 1518 vera
712 1459 1062 1518 discernere.
1127 1461 1300 1536 igitur
1330 1470 1464 1520 tunc
1495 1477 1727 1540 quoque
1757 1463 1976 1522 notioni
2002 1463 2349 1541 quindecim-

357 1545 535 1602 virum
566 1544 615 1601 is
644 1541 790 1601 liber
816 1541 1108 1601 subicitur.

288 1629 343 1684 1³
419 1661 421 1668 ·
492 1629 589 1688 19.
628 1624 819 1686 Isdem
856 1626 1188 1688 consulibus
1225 1629 1508 1704 gravitate
1539 1646 1800 1688 annonae
1829 1631 1981 1690 iuxta
2005 1631 2352 1690 seditionem

264 1739 269 1745 ·
361 1720 615 1786 ventum,
661 1709 949 1790 multaque
996 1719 1055 1768 et
1098 1693 1296 1788 plures
1343 1730 1450 1790 per
1509 1711 1634 1770 dies
1689 1714 1745 1772 in
1804 1709 2028 1774 theatro
2082 1714 2352 1774 licentius

361 1795 674 1880 efflagitata
727 1811 893 1872 quam
942 1793 1169 1854 solitum
1212 1794 1514 1855 adversum
1552 1797 1973 1875 imperatorem
2035 1800 2166 1876 quis
2197 1815 2352 1858 com·
2462 1841 2463 1872 ι

304 1905 309 1910 ·
358 1889 547 1938 motus
592 1879 875 1938 incusavit
914 1879 1280 1954 magistratus
1337 1888 1680 1957 patresque,
1734 1879 1898 1958 quod
1943 1897 2058 1940 non
2117 1881 2354 1960 publica

311 1980 335 2019 5
361 1964 697 2025 auctoritate
730 1961 1004 2041 populum
1041 1964 1466 2043 coercuissent,
1498 1963 1823 2041 addiditque
1854 1964 2056 2043 quibus
2093 1983 2174 2025 ex
2215 1983 2354 2046 pro-

355 2050 561 2108 vinciis
593 2056 651 2106 et
680 2058 890 2125 quanto
940 2049 1213 2108 maiorem
1263 2066 1429 2125 quam
1470 2047 1766 2124 Augustus
1817 2051 1902 2107 rei
1944 2049 2352 2111 frumentariae
2462 2038 2463 2075 ³

263 2145 303 2158 ‘¹
359 2132 587 2209 copiam
620 2130 974 2191 advectaret.
1033 2133 1111 2191 ita
1142 2132 1512 2209 castigandae
1557 2131 1718 2209 plebi
1763 2133 2144 2210 compositum
2183 2154 2352 2193 sena·
2462 2146 2463 2155 ¹

208 2228 221 2236 ‘
356 2225 447 2275 tus
504 2213 822 2273 consultum
875 2218 1069 2313 prisc-a
1120 2218 1466 2291 severitate,
1528 2232 1723 2293 neque,
1789 2218 2026 2293 segnius
2079 2218 2353 2278 consules
2462 2284 2463 2295 ἢ

362 2296 618 2357 edixere..
696 2295 981 2356 silentium
1022 2300 1205 2376 ipsius
1245 2318 1360 2361 non
1401 2300 1611 2374 civile,
1653 2307 1712 2359 ut
1757 2300 2117 2377 crediderat,
2157 2301 2348 2360 sedin
2462 2310 2463 2325 ¹

294 2402 344 2441 10
368 2378 693 2457 superbiam
720 2381 1131 2460 accipiebatur.

293 2465 351 2519 14
491 2462 591 2524 20.
636 2463 778 2525 Fine
838 2467 967 2524 anni
1025 2463 1346 2543 GeminiuS,
1415 2465 1651 2544 Celsus,
1717 2468 2054 2568 Pompeius,
2116 2468 2348 2545 equites

359 2549 628 2624 RomanI,
676 2548 946 2607 cecidere
986 2549 1394 2609 coniurationis
1436 2553 1696 2621 crimine;
1755 2570 1831 2611 ex
1888 2555 2014 2631 quis
2059 2552 2348 2612 Geminius

362 2632 721 2709 prodigentia
758 2649 931 2711 opum
978 2650 1045 2691 ac
1087 2632 1328 2693 mollitia
1364 2635 1514 2693 vitae
1557 2639 1774 2697 amicus
1803 2636 2046 2712 Sei-ano,
2082 2634 2221 2693 nihil
2275 2636 2350 2694 ad

362 2716 590 2775 serium.
653 2715 709 2773 et
736 2715 913 2775 Iulius
944 2714 1151 2775 Celsus
1183 2715 1486 2775 tribunus'
1472 2736 1527 2775 m
1557 2720 1759 2781 vinclis
1799 2720 2048 2781 laxatam
2089 2726 2354 2779 catenam
2462 2712 2463 2785 Ϊ

314 2821 341 2859 5
369 2807 423 2857 et
458 2797 901 2859 circumdatam
886 2819 941 2858 ιιι
970 2799 1259 2859 diversum
1290 2800 1527 2860 tendens
1559 2821 1714 2862 suam
1732 2805 1868 2881 ipse
1901 2805 2196 2865 cervicem
2221 2822 2354 2882 per·

360 2882 553 2959 fregit.
616 2891 673 2941 at
700 2882 917 2942 Rubrio
948 2881 1201 2958 Fabato,
1245 2892 1522 2961 tamquam
1563 2886 1886 2965 desperatis
1924 2888 2101 2949 rebus
2141 2888 2356 2949 Roma·-

362 2967 449 3025 nis
490 2965 823 3025 Parthorum
872 2966 943 3026 ad
995 2928 1446 3037 misericordiam
1505 2968 1764 3046 fugeret,
1829 2974 2100 3033 custodes
2157 2972 2356 3033 additi.

364 3067 501 3124 sane
533 3050 581 3107 is
610 3057 879 3127 repertus
906 3050 1057 3128 apud
1098 3050 1306 3111 fretum
1337 3051 1568 3111 Siciliae
1609 3060 2012 3133 retractusque
2061 3074 2172 3134 per
2218 3076 2356 3117 cen-

362 3134 643 3192 turionem
679 3131 863 3193 nullas
904 3134 1237 3215 probabiles
1282 3154 1482 3197 causas
1527 3135 1878 3216 longinquae
1927 3140 2356 3217 peregrinatio-

296 3237 346 3277 ιο
366 3218 451 3274 nis
488 3216 812 3276 adferebat:
844 3221 1047 3279 mansit
1076 3228 1266 3281 tamen
1293 3220 1612 3297 incolumis,
1646 3219 1942 3283 oblivione
1971 3224 2160 3299 magis
2185 3242 2358 3301 quam

367 3299 681 3359 clementia.

291 3387 346 3443 15
456 3383 586 3443 21.
610 3384 767 3445 Ser.
815 3385 995 3449 Galba
1035 3388 1096 3447 L.
1144 3387 1312 3447 Sulla
1349 3387 1678 3449 consulibus
1727 3389 1825 3450 diu
1869 3392 2134 3467 quaesito
2204 3407 2356 3467 quos

360 3465 627 3543 neptibus
666 3473 783 3531 suis
824 3472 1059 3533 maritos
1102 3471 1414 3530 destinaret
1457 3469 1708 3549 Caesar,
1751 3473 2054 3552 postqua‘m
2103 3473 2360 3533 instabat
