2475 4000
713 221 1255 273 COMMENTARIUS
1302 222 1635 272 emmens.
2085 224 2191 272 vu

151 387 352 452 gestus
383 381 439 446 (1
458 423 475 450 ,
507 383 633 450 35),
665 381 934 452 adgredi,
976 396 1252 454 nusquam
1282 397 1556 452 aggei-ere
1598 388 1695 438 etc.
1736 379 1747 455 Ι
1782 388 1818 440 2
1854 383 1976 440 eius
2008 397 2189 454 usque

159 467 246 520 Bz
285 471 338 518 et
384 465 460 520 W
492 466 676 537 (quem
715 482 763 520 v.
809 467 866 519 in
915 481 971 519 n.
1019 457 1149 520 ἁηη.
1192 464 1295 536 ph.
1338 471 1393 518 et
1425 467 1596 537 paed.
1641 472 1739 536 52,
1780 470 1905 537 38);
1952 467 2187 538 eiusque
2260 449 2273 468 ⁸

161 545 367 621 (usque
407 546 491 623 B)
557 542 569 626 Ι
621 550 768 605 vieta
807 550 897 604 Bz
942 552 998 603 in
1039 548 1250 604 observ.
1296 548 1427 602 Tac.
1468 545 1696 622 (1840),
1746 551 1845 605 sed
1880 557 2077 622 postea
2128 551 2187 604 in

153 631 387 686 Emend.
419 633 623 688 delectu
652 633 846 698 (1844)
877 632 1010 712 vieti
1051 625 1062 710 Ι
1100 629 1182 688 20
1201 674 1217 701 ,
1248 639 1283 691 3
1316 632 1577 703 accipere
1616 630 1627 707 Ι
1671 641 1733 690 11
1764 635 2003 690 intentus
2040 630 2108 706 (i.
2134 648 2183 688 e.

148 730 410 785 severus,
446 715 704 789 diltyens,
731 723 795 771 ut
821 723 917 785 11,
957 722 1026 774 18
1052 723 1105 771 et
1133 721 1228 785 12,
1262 721 1333 773 42
1376 713 1645 770 intentior
1686 715 2005 787 disciplina)
2040 717 2103 773 Η
2136 722 2199 772 et

163 799 527 855 Vertranius:
571 801 718 855 intus
765 801 952 868 (vetus
992 800 1067 867 L)
1103 792 1117 878 Ι
1156 796 1269 868 21,
1311 803 1343 858 7
1377 793 1535 855 cuias
1571 797 1805 868 quisque
1832 799 1921 853 Bz

322 877 436 954 22,
464 891 498 944 9
530 883 814 954 ablegeris
851 875 864 959 Ι
903 889 970 940 12
1003 884 1060 938 hi
1095 883 1172 938 L·-
1209 884 1250 938 ii

321 961 434 1037 23,
466 975 491 1026 l
526 966 855 1036 incedebat,
885 981 993 1022 em.
1019 967 1074 1022 Β
1113 962 1124 1045 Ι
1162 973 1228 1025 12
1256 967 1432 1022 caedo
1472 959 1481 1042 Ι
1520 967 1664 1021 faeta
1694 965 1845 1020 uitae

320 1045 433 1120 25,
477 1059 505 1109 1
549 1050 772 1120 introit,
820 1064 920 1104 em.
951 1051 1032 1112 L,-
1069 1051 1260 1122 forma
1290 1049 1505 1105 introiit
1532 1057 1615 1104 est
1640 1056 1703 1118 l,
1743 1055 1839 1112 53;
1882 1053 1948 1117 4,
1983 1051 2081 1111 71;
2120 1054 2187 1118 6,

137 1138 247 1197 27;
315 1141 414 1204 15,
444 1140 540 1198 65;
572 1133 652 1206 cf.
684 1137 844 1188 etiam
873 1134 948 1188 ad
977 1139 1042 1203 6,
1076 1141 1144 1194 29
1183 1131 1192 1211 Ι
1230 1141 1263 1192 5
1294 1133 1637 1188 sedtulerant

318 1213 430 1287 26,
463 1224 496 1275 2
527 1219 742 1274 orditur
778 1217 1075 1273 dimisione
1112 1210 1146 1294 Ι
1185 1225 1253 1275 10
1282 1215 1352 1270 ad
1380 1231 1444 1270 se
1473 1216 1581 1271 nisi
1614 1216 1662 1270 L
1710 1208 1721 1292 Ι
1760 1223 1827 1274 13
1854 1215 2187 1284 inchoantur,

135 1301 250 1357 sed
275 1318 340 1358 ca
368 1303 425 1356 in
448 1293 706 1382 rasura]
743 1297 824 1356 27
845 1342 861 1369 ,
889 1307 926 1356 2
956 1307 1279 1356 occurrerat
1304 1297 1375 1353 M

316 1379 430 1454 28,
469 1391 502 1442 2
554 1385 708 1440 claro
753 1389 986 1453 repente
1027 1383 1102 1437 L.-
1156 1384 1399 1459 elamore
1443 1382 1605 1453 plena
1653 1380 1838 1457 (claro
1893 1383 2057 1455 plena
2118 1381 2199 1436 W

140 1469 268 1524 coll.
302 1467 411 1525 Cic.
459 1469 528 1522 de
555 1465 702 1538 Rep.
748 1474 811 1535 1,
845 1473 943 1534 15,
975 1467 1125 1522 claro
1164 1468 1329 1539 plane
1356 1461 1476 1538 Bz)
1530 1457 1541 1542 Ι
1588 1473 1623 1525 3
1651 1467 1835 1535 asuis,
1874 1481 1978 1521 em.
2015 1467 2074 1520 F
2102 1457 2114 1544 Ι
2150 1471 2187 1523 4

141 1553 224 1624 ad
255 1567 398 1622 quae
429 1556 734 1621 pergerent
767 1549 837 1614 0,
871 1565 979 1620 quo
1008 1566 1060 1622 p.
1099 1551 1188 1620 Η,
1221 1565 1504 1607 cessurum
1545 1567 1649 1621 qua
1679 1569 1730 1622 p.
1763 1550 1845 1619 Ν,
1878 1565 2019 1622 quae
2053 1565 2185 1621 per-

143 1640 384 1705 agerent
427 1633 504 1702 P,
557 1649 696 1704 quae
731 1639 995 1704 gererent
1023 1633 1078 1689 Β
1101 1675 1114 1701 ,
1156 1651 1297 1705 quae
1331 1639 1589 1704 peterent
1616 1634 1695 1689 Ri
1740 1633 1749 1706 Ι
1801 1642 1869 1692 10
1909 1633 2137 1705 potandi
2170 1625 2181 1704 Ι

139 1718 469 1787 aduersari,
497 1733 595 1772 em.
627 1717 682 1771 R
719 1709 730 1795 Ι
767 1723 836 1775 14
865 1717 906 1771 ii
937 1717 1015 1771 L.-
1043 1719 1101 1772 in
1130 1714 1216 1791 (hi
1261 1712 1532 1789 Weilcerc)

199 1840 206 1848 ·
311 1795 425 1874 30,
458 1806 491 1860 7
522 1802 880 1874 reptabantur
919 1793 928 1878 Ι
967 1809 1034 1860 15
1065 1803 1436 1857 consederant
1463 1800 1544 1866 Β,
1595 1806 1655 1854 at
1686 1819 1736 1856 v.
1767 1807 1833 1869 3,
1864 1807 1931 1860 61
1974 1799 2183 1854 inside-

135 1891 296 1954 rant,
326 1892 425 1954 16,
455 1890 521 1945 27
552 1886 830 1949 insidere;
876 1884 1035 1940 habet
1059 1890 1240 1939 tamen
1268 1882 1417 1939 Med.
1452 1887 1613 1938 etiam
1646 1884 1919 1956 praesidit
1952 1891 1977 1942 l
1995 1925 2012 1953 ,
2039 1888 2109 1942 76
2134 1886 2190 1936 et

136 1969 488 2042 praesidisse
521 1975 586 2039 6,
623 1973 724 2035 47,
757 1976 808 2024 et
835 1970 976 2024 alter
1007 1967 1158 2023 Med.
1199 1967 1526 2040 praesidere
1569 1972 1669 2035 12,
1711 1972 1798 2026 56.
1864 1966 1952 2039 Cf.
1991 1966 2187 2023 Haase

135 2055 218 2108 ad
248 2052 477 2123 Reasssiyii
512 2054 730 2109 scholas
758 2054 822 2108 L.
849 2053 912 2108 L.
931 2070 997 2123 p.
1029 2058 1136 2111 258
1163 2057 1216 2106 et
1254 2053 1329 2106 W
1360 2054 1417 2105 in
1458 2066 1516 2104 n.
1556 2066 1688 2104 ann.
1725 2051 1865 2122 plait.
1895 2056 1948 2105 et
1973 2066 2037 2120 p.
2081 2050 2182 2105 vol.

137 2142 242 2203 52,
271 2128 391 2210 28Ι
428 2132 530 2205 31,
561 2144 589 2194 1
636 2136 814 2192 isdem
846 2136 914 2191 de
959 2135 1144 2191 causis
1175 2134 1437 2207 Spenyel,
1468 2138 1531 2189 ue
1556 2139 1637 2189 est
1661 2140 1724 2203 4,
1756 2140 1825 2194 62
1858 2134 2081 2189 diversa
2113 2134 2185 2188 de

139 2233 350 2285 eausa,
381 2222 447 2282 6.
475 2223 510 2275 8
539 2219 736 2289 quibus
767 2221 836 2275 de
869 2219 1052 2276 causis
1071 2259 1088 2287 ,
1120 2218 1198 2273 H.
1231 2224 1299 2287 4,
1330 2224 1397 2278 26
1428 2220 1618 2275 eadem
1648 2219 1718 2274 de
1755 2234 1954 2288 eausa,
1984 2217 2085 2272 sed
2106 2216 2182 2273 Η.

140 2310 170 2361 1
190 2342 208 2371 ,
238 2305 310 2360 72
340 2298 654 2369 disparibus
685 2304 870 2359 causis
910 2298 918 2380 Ι
956 2306 992 2361 4
1021 2302 1281 2357 tractaris
1308 2304 1367 2357 F
1378 2326 1393 2357 .-
1425 2308 1700 2359 tracturus
1740 2296 1753 2381 Ι
1789 2311 1853 2362 15
1890 2302 2185 2375 impellere

137 2386 222 2452 Α,
275 2398 607 2455 quamquam
657 2400 727 2439 ne
773 2388 886 2458 ipsi
933 2386 1148 2459 quidem
1195 2386 1427 2458 implere
1475 2387 1687 2458 falsum
1739 2386 2050 2447 videbatur,-
2100 2383 2183 2455 cf.

137 2466 404 2523 Muelzell
440 2466 518 2520 ad
545 2464 692 2523 Gur!-
721 2486 788 2539 p·
819 2475 938 2529 321.
981 2465 991 2546 Ι
1029 2464 1209 2539 32,ι5
1253 2470 1553 2538 sexagenis
1582 2470 1638 2527 C.
1676 2470 1735 2526 G.
1765 2470 1991 2541 Zump13
2028 2475 2087 2522 at
2129 2484 2180 2522 v.

139 2551 312 2623 Nipp.
356 2542 365 2626 Ι
405 2555 472 2609 12
495 2549 750 2620 patifeeit
786 2544 800 2631 Ι
837 2560 902 2613 16
933 2571 1037 2610 nee
1068 2554 1315 2609 Grotius.-
1344 2553 1422 2609 nil
1455 2548 1578 2625 (vel
1611 2552 1666 2607 R
1686 2554 1855 2623 prob.
1878 2551 2099 2623 Hapdio
2125 2551 2183 2605 in

143 2635 314 2690 Turs.
337 2634 434 2703 IV,
466 2638 604 2703 140,
650 2640 744 2689 aut
782 2635 837 2689 J.
867 2636 942 2691 Η.
972 2638 1165 2701 Noite,·
1206 2636 1299 2693 He
1333 2655 1413 2694 vv.
1443 2651 1621 2707 neque
1658 2635 1884 2691 disiecti
1913 2635 2185 2703 inclusit),-

140 2719 421 2774 lectionem
464 2718 665 2774 codicis
721 2718 824 2772 Wr
871 2717 1026 2774 haud
1058 2723 1248 2777 inseite
1294 2722 1440 2776 tueri
1480 2724 1707 2775 conatus
1744 2725 1852 2781 est;
1903 2718 1980 2790 cf.
2020 2721 2181 2773 etiam

133 2803 194 2858 J.
231 2800 290 2857 0.
327 2800 480 2856 Jahn
519 2803 578 2856 in
607 2816 666 2855 n.
707 2817 843 2855 ann.
873 2802 1014 2872 phil.
1045 2811 1099 2858 et
1122 2822 1189 2875 p.
1224 2806 1327 2863 vol.
1357 2810 1457 2873 33,
1486 2810 1557 2864 86
1703 2844 1727 2900 [

189 2944 196 2961 ‚
285 2880 424 2955 ·33‚
462 2892 496 2945 9
520 2886 587 2941 ab
624 2885 720 2940 W.-
753 2886 825 2941 ad
860 2876 874 2965 Ι
911 2882 991 2942 34
1011 2925 1028 2953 ,
1059 2892 1287 2959 2·seque
1321 2895 1377 2944 et
1403 2888 1520 2944 He.-
1551 2904 1723 2960 seque
1746 2885 1926 2941 codex
1950 2886 2031 2939 sie
2056 2898 2180 2938 cum

138 2970 370 3037 uncino,
409 2970 556 3041 quod
581 2969 794 3025 videtur
823 2969 1200 3041 compendium
1222 2973 1539 3043 particulae
1569 2978 1650 3037 et;
1687 2970 1976 3041 Sequanos
2010 2968 2091 3031 B,
2121 2971 2185 3021 ut

137 3054 295 3125 vulyo
336 3053 516 3108 editur
529 3096 544 3123 ,
588 3055 706 3108 sine
740 3054 856 3109 ulla
889 3051 1287 3125 probabilitate.
1363 3055 1435 3109 In
1466 3057 1688 3111 lectione
1725 3057 1949 3124 recepta
1982 3041 2181 3106 diciticr

139 3136 506 3193 Germanicus
541 3151 602 3192 se
635 3151 900 3209 suamque
945 3135 1219 3192 cohortem
1259 3140 1316 3192 in
1348 3139 1512 3195 verba
1546 3138 1748 3193 Tiberii
1792 3137 2038 3207 adeyisse
2051 3177 2065 3203 ,
2109 3148 2182 3191 ne

139 3221 272 3292 quid
304 3232 390 3276 ex·
415 3234 534 3275 sese
581 3220 726 3276 Galli
763 3226 1074 3293 sperarent.
1142 3220 1278 3292 Ipse
1327 3222 1619 3293 aliquando
1660 3224 2027 3278 conice-eram.-
2072 3218 2179 3274 Se-

141 3318 425 3375 nonesque
457 3304 740 3376 proximos
769 3310 866 3361 etc.
926 3298 938 3384 Ι
992 3300 1107 3375 35,
1135 3312 1172 3366 3
1201 3306 1494 3377 uniuersa,
1526 3320 1629 3361 em.
1657 3306 1705 3360 L
1756 3307 1765 3373 Ι
1825 3311 1892 3365 13
1924 3304 2177 3360 omnibus

139 3380 152 3464 Ι
183 3393 250 3446 14
277 3394 559 3460 promptas
588 3405 680 3445 res
724 3390 828 3445 Wr
849 3391 1003 3458 (coll.
1034 3395 1130 3459 12,
1169 3396 1236 3448 12
1268 3390 1479 3445 Carene
1529 3395 1808 3461 promptas
1848 3404 1940 3445 res
1986 3394 2177 3443 osten-

141 3466 349 3546 ἱππικῆς
392 3478 674 3544 promptas
721 3470 1034 3546 (promptos
1081 3473 1162 3543 Β,
1198 3480 1451 3546 prompta
1483 3474 1564 3545 H,
1604 3480 1891 3545 promptos
1921 3489 1985 3529 se
2019 3471 2076 3525 J.
2115 3469 2173 3524 C.
