<?xml version="1.0" encoding="UTF-8"?>
<!DOCTYPE html PUBLIC "-//W3C//DTD XHTML 1.0 Transitional//EN"
    "http://www.w3.org/TR/xhtml1/DTD/xhtml1-transitional.dtd">
<html xmlns="http://www.w3.org/1999/xhtml" xml:lang="en" lang="en">
 <head>
  <title>
</title>
<meta http-equiv="Content-Type" content="text/html;charset=utf-8" />
  <meta name='ocr-system' content='tesseract 3.04.00' />
  <meta name='ocr-capabilities' content='ocr_page ocr_carea ocr_par ocr_line ocrx_word'/>
</head>
<body>
  <div class='ocr_page' id='page_1' title='image "./corneltacitilib00unkngoog_0303.png"; bbox 0 0 2475 4000; ppageno 0'>
   <div class='ocr_carea' id='block_1_1' title="bbox 578 245 2022 312">
    <p class='ocr_par' dir='ltr' id='par_1_1' title="bbox 578 245 2022 312">
     <span class='ocr_line' id='line_1_1' title="bbox 578 245 2022 312; baseline 0.014 -20"><span class='ocrx_word' id='word_1_1' title='bbox 578 245 787 294; x_wconf 71' lang='lat' dir='ltr'><strong>mmm</strong></span> <span class='ocrx_word' id='word_1_2' title='bbox 824 247 974 297; x_wconf 78' lang='lat'><strong>1111.</strong></span> <span class='ocrx_word' id='word_1_3' title='bbox 1022 249 1172 298; x_wconf 76' lang='lat' dir='ltr'><strong>cAP.</strong></span> <span class='ocrx_word' id='word_1_4' title='bbox 1205 251 1445 304; x_wconf 75' lang='lat'><strong>38--41-</strong></span> <span class='ocrx_word' id='word_1_5' title='bbox 1490 257 1494 260; x_wconf 89' lang='lat'>·</span> <span class='ocrx_word' id='word_1_6' title='bbox 1883 249 2022 312; x_wconf 67' lang='lat'>2413?</span> 
     </span>
    </p>
   </div>
   <div class='ocr_carea' id='block_1_2' title="bbox 46 368 2094 3636">
    <p class='ocr_par' dir='ltr' id='par_1_2' title="bbox 67 368 2074 646">
     <span class='ocr_line' id='line_1_2' title="bbox 70 368 2006 491; baseline 0.011 -39"><span class='ocrx_word' id='word_1_7' title='bbox 70 394 407 470; x_wconf 78' lang='lat' dir='ltr'><strong>adgrediendi.</strong></span> <span class='ocrx_word' id='word_1_8' title='bbox 445 368 775 459; x_wconf 70' lang='lat' dir='ltr'><strong>nectamen</strong></span> <span class='ocrx_word' id='word_1_9' title='bbox 790 405 1053 479; x_wconf 75' lang='lat' dir='ltr'><strong>proximo</strong></span> <span class='ocrx_word' id='word_1_10' title='bbox 1082 405 1289 467; x_wconf 85' lang='lat' dir='ltr'><strong>itinere</strong></span> <span class='ocrx_word' id='word_1_11' title='bbox 1307 407 1516 467; x_wconf 81' lang='lat' dir='ltr'><strong>ductae</strong></span> <span class='ocrx_word' id='word_1_12' title='bbox 1540 407 1825 488; x_wconf 77' lang='lat' dir='ltr'><strong>leg-iones,</strong></span> <span class='ocrx_word' id='word_1_13' title='bbox 1859 431 2006 491; x_wconf 86' lang='lat' dir='ltr'><strong>quae</strong></span> 
     </span>
     <span class='ocr_line' id='line_1_3' title="bbox 68 481 2001 573; baseline 0.011 -38"><span class='ocrx_word' id='word_1_14' title='bbox 68 481 97 535; x_wconf 86' lang='lat' dir='ltr'><strong>si</strong></span> <span class='ocrx_word' id='word_1_15' title='bbox 120 481 603 559; x_wconf 68' lang='lat' dir='ltr'><strong>amnem-Araxen,</strong></span> <span class='ocrx_word' id='word_1_16' title='bbox 633 485 731 562; x_wconf 87' lang='lat' dir='ltr'><strong>qui</strong></span> <span class='ocrx_word' id='word_1_17' title='bbox 756 489 981 545; x_wconf 81' lang='lat' dir='ltr'><strong>moenia</strong></span> <span class='ocrx_word' id='word_1_18' title='bbox 1010 487 1205 566; x_wconf 88' lang='lat' dir='ltr'><strong>adluit,</strong></span> <span class='ocrx_word' id='word_1_19' title='bbox 1237 499 1416 570; x_wconf 79' lang='lat' dir='ltr'><strong>ponte</strong></span> <span class='ocrx_word' id='word_1_20' title='bbox 1443 493 2001 573; x_wconf 66' lang='lat' dir='ltr'><strong>nansgrederentur‚</strong></span> 
     </span>
     <span class='ocr_line' id='line_1_4' title="bbox 67 560 2074 646; baseline 0.01 -28"><span class='ocrx_word' id='word_1_21' title='bbox 67 560 137 619; x_wconf 89' lang='lat' dir='ltr'><strong>sub</strong></span> <span class='ocrx_word' id='word_1_22' title='bbox 159 563 313 622; x_wconf 83' lang='lat' dir='ltr'><strong>ictum</strong></span> <span class='ocrx_word' id='word_1_23' title='bbox 348 564 658 628; x_wconf 74' lang='lat' dir='ltr'><strong>dabantur:</strong></span> <span class='ocrx_word' id='word_1_24' title='bbox 698 568 903 646; x_wconf 83' lang='lat' dir='ltr'><strong>procul</strong></span> <span class='ocrx_word' id='word_1_25' title='bbox 934 578 991 628; x_wconf 88' lang='lat' dir='ltr'><strong>et</strong></span> <span class='ocrx_word' id='word_1_26' title='bbox 1019 570 1322 633; x_wconf 81' lang='lat' dir='ltr'><strong>latioribus</strong></span> <span class='ocrx_word' id='word_1_27' title='bbox 1345 573 1508 634; x_wconf 86' lang='lat' dir='ltr'><strong>vadis</strong></span> <span class='ocrx_word' id='word_1_28' title='bbox 1535 577 1834 636; x_wconf 70' lang='lat' dir='ltr'><strong>transiere.</strong></span> <span class='ocrx_word' id='word_1_29' title='bbox 2021 605 2074 645; x_wconf 79' lang='lat'><strong>30</strong></span> 
     </span>
    </p>

    <p class='ocr_par' dir='ltr' id='par_1_3' title="bbox 54 647 2057 2238">
     <span class='ocr_line' id='line_1_5' title="bbox 149 647 1999 735; baseline 0.009 -30"><span class='ocrx_word' id='word_1_30' title='bbox 149 647 234 707; x_wconf 80' lang='lat'><strong>40.</strong></span> <span class='ocrx_word' id='word_1_31' title='bbox 276 647 357 707; x_wconf 83' lang='lat' dir='ltr'><strong>At</strong></span> <span class='ocrx_word' id='word_1_32' title='bbox 387 647 673 710; x_wconf 75' lang='lat' dir='ltr'><strong>Tiridates</strong></span> <span class='ocrx_word' id='word_1_33' title='bbox 706 651 927 730; x_wconf 87' lang='lat' dir='ltr'><strong>pudore</strong></span> <span class='ocrx_word' id='word_1_34' title='bbox 962 663 1025 713; x_wconf 85' lang='lat' dir='ltr'><strong>et</strong></span> <span class='ocrx_word' id='word_1_35' title='bbox 1052 665 1235 735; x_wconf 81' lang='lat' dir='ltr'><strong>metu,</strong></span> <span class='ocrx_word' id='word_1_36' title='bbox 1277 675 1352 717; x_wconf 82' lang='lat' dir='ltr'><strong>ne</strong></span> <span class='ocrx_word' id='word_1_37' title='bbox 1379 661 1429 717; x_wconf 89' lang='lat' dir='ltr'><strong>si</strong></span> <span class='ocrx_word' id='word_1_38' title='bbox 1473 661 1871 720; x_wconf 70' lang='lat' dir='ltr'><strong>concessisset</strong></span> <span class='ocrx_word' id='word_1_39' title='bbox 1899 663 1999 722; x_wconf 84' lang='lat' dir='ltr'><strong>ob·</strong></span> 
     </span>
     <span class='ocr_line' id='line_1_6' title="bbox 66 727 2000 822; baseline 0.01 -37"><span class='ocrx_word' id='word_1_40' title='bbox 66 727 233 806; x_wconf 87' lang='lat' dir='ltr'><strong>sidioni,</strong></span> <span class='ocrx_word' id='word_1_41' title='bbox 263 731 403 790; x_wconf 80' lang='lat' dir='ltr'><strong>nihil</strong></span> <span class='ocrx_word' id='word_1_42' title='bbox 436 735 569 812; x_wconf 82' lang='lat' dir='ltr'><strong>opis</strong></span> <span class='ocrx_word' id='word_1_43' title='bbox 604 735 662 792; x_wconf 87' lang='lat' dir='ltr'><strong>in</strong></span> <span class='ocrx_word' id='word_1_44' title='bbox 694 737 825 814; x_wconf 89' lang='lat' dir='ltr'><strong>ipso</strong></span> <span class='ocrx_word' id='word_1_45' title='bbox 856 736 1181 816; x_wconf 77' lang='lat' dir='ltr'><strong>videretur,</strong></span> <span class='ocrx_word' id='word_1_46' title='bbox 1226 741 1276 800; x_wconf 91' lang='lat' dir='ltr'><strong>si</strong></span> <span class='ocrx_word' id='word_1_47' title='bbox 1317 741 1687 820; x_wconf 78' lang='lat' dir='ltr'><strong>prohiberet,</strong></span> <span class='ocrx_word' id='word_1_48' title='bbox 1732 743 2000 822; x_wconf 80' lang='lat' dir='ltr'><strong>inpeditis</strong></span> 
     </span>
     <span class='ocr_line' id='line_1_7' title="bbox 64 811 1998 904; baseline 0.009 -36"><span class='ocrx_word' id='word_1_49' title='bbox 64 811 163 869; x_wconf 76' lang='lat' dir='ltr'><strong>loeis</strong></span> <span class='ocrx_word' id='word_1_50' title='bbox 197 832 374 892; x_wconf 70' lang='lat' dir='ltr'><strong>seque</strong></span> <span class='ocrx_word' id='word_1_51' title='bbox 420 826 483 876; x_wconf 89' lang='lat' dir='ltr'><strong>et</strong></span> <span class='ocrx_word' id='word_1_52' title='bbox 519 829 821 896; x_wconf 72' lang='lat' dir='ltr'>equestres</span> <span class='ocrx_word' id='word_1_53' title='bbox 866 824 1068 900; x_wconf 80' lang='lat' dir='ltr'><strong>copias</strong></span> <span class='ocrx_word' id='word_1_54' title='bbox 1112 824 1410 903; x_wconf 78' lang='lat' dir='ltr'><strong>inligaret,</strong></span> <span class='ocrx_word' id='word_1_55' title='bbox 1467 828 1658 885; x_wconf 77' lang='lat' dir='ltr'><strong>statuit</strong></span> <span class='ocrx_word' id='word_1_56' title='bbox 1698 835 1998 904; x_wconf 82' lang='lat' dir='ltr'><strong>postremo</strong></span> 
     </span>
     <span class='ocr_line' id='line_1_8' title="bbox 65 896 1995 988; baseline 0.009 -36"><span class='ocrx_word' id='word_1_57' title='bbox 65 896 311 956; x_wconf 82' lang='lat' dir='ltr'><strong>ostendere</strong></span> <span class='ocrx_word' id='word_1_58' title='bbox 356 901 549 960; x_wconf 81' lang='lat' dir='ltr'><strong>aciem</strong></span> <span class='ocrx_word' id='word_1_59' title='bbox 596 912 653 962; x_wconf 87' lang='lat' dir='ltr'><strong>et</strong></span> <span class='ocrx_word' id='word_1_60' title='bbox 693 902 825 962; x_wconf 86' lang='lat' dir='ltr'><strong>dato</strong></span> <span class='ocrx_word' id='word_1_61' title='bbox 870 903 963 964; x_wconf 90' lang='lat' dir='ltr'><strong>die</strong></span> <span class='ocrx_word' id='word_1_62' title='bbox 1008 907 1293 984; x_wconf 83' lang='lat' dir='ltr'><strong>proelium</strong></span> <span class='ocrx_word' id='word_1_63' title='bbox 1336 911 1595 988; x_wconf 77' lang='lat' dir='ltr'><strong>incipere</strong></span> <span class='ocrx_word' id='word_1_64' title='bbox 1632 908 1729 968; x_wconf 89' lang='lat' dir='ltr'><strong>vel</strong></span> <span class='ocrx_word' id='word_1_65' title='bbox 1773 910 1995 970; x_wconf 84' lang='lat' dir='ltr'><strong>simula-</strong></span> 
     </span>
     <span class='ocr_line' id='line_1_9' title="bbox 64 980 2042 1071; baseline 0.01 -37"><span class='ocrx_word' id='word_1_66' title='bbox 64 980 168 1036; x_wconf 80' lang='lat' dir='ltr'><strong>tione</strong></span> <span class='ocrx_word' id='word_1_67' title='bbox 203 981 376 1058; x_wconf 67' lang='lat' dir='ltr'><strong>nigrae</strong></span> <span class='ocrx_word' id='word_1_68' title='bbox 415 983 611 1044; x_wconf 83' lang='lat' dir='ltr'><strong>locum</strong></span> <span class='ocrx_word' id='word_1_69' title='bbox 650 986 835 1046; x_wconf 83' lang='lat' dir='ltr'><strong>fraudi</strong></span> <span class='ocrx_word' id='word_1_70' title='bbox 871 1006 1097 1067; x_wconf 85' lang='lat' dir='ltr'><strong>parare.</strong></span> <span class='ocrx_word' id='word_1_71' title='bbox 1164 993 1338 1069; x_wconf 78' lang='lat' dir='ltr'><strong>igitur</strong></span> <span class='ocrx_word' id='word_1_72' title='bbox 1365 1002 1608 1071; x_wconf 79' lang='lat' dir='ltr'><strong>repente</strong></span> <span class='ocrx_word' id='word_1_73' title='bbox 1642 1010 1848 1068; x_wconf 81' lang='lat' dir='ltr'><strong>agmen</strong></span> <span class='ocrx_word' id='word_1_74' title='bbox 1881 993 1994 1054; x_wconf 82' lang='lat' dir='ltr'><strong>Ro·</strong></span> <span class='ocrx_word' id='word_1_75' title='bbox 2017 1016 2042 1053; x_wconf 85' lang='lat'><strong>5</strong></span> 
     </span>
     <span class='ocr_line' id='line_1_10' title="bbox 61 1068 1992 1153; baseline 0.008 -35"><span class='ocrx_word' id='word_1_76' title='bbox 61 1079 230 1122; x_wconf 79' lang='lat' dir='ltr'><strong>manum·</strong></span> <span class='ocrx_word' id='word_1_77' title='bbox 250 1068 679 1147; x_wconf 69' lang='lat' dir='ltr'><strong>circumfundit,</strong></span> <span class='ocrx_word' id='word_1_78' title='bbox 720 1089 838 1132; x_wconf 89' lang='lat' dir='ltr'><strong>non</strong></span> <span class='ocrx_word' id='word_1_79' title='bbox 880 1075 1087 1148; x_wconf 83' lang='lat' dir='ltr'><strong>ignaro</strong></span> <span class='ocrx_word' id='word_1_80' title='bbox 1136 1073 1282 1135; x_wconf 85' lang='lat' dir='ltr'><strong>duce</strong></span> <span class='ocrx_word' id='word_1_81' title='bbox 1325 1085 1560 1152; x_wconf 81' lang='lat' dir='ltr'><strong>nostro,</strong></span> <span class='ocrx_word' id='word_1_82' title='bbox 1601 1077 1696 1153; x_wconf 86' lang='lat' dir='ltr'><strong>qui</strong></span> <span class='ocrx_word' id='word_1_83' title='bbox 1726 1077 1853 1135; x_wconf 80' lang='lat' dir='ltr'><strong>viae</strong></span> <span class='ocrx_word' id='word_1_84' title='bbox 1894 1093 1992 1153; x_wconf 89' lang='lat' dir='ltr'><strong>pa·</strong></span> 
     </span>
     <span class='ocr_line' id='line_1_11' title="bbox 61 1147 1993 1233; baseline 0.009 -33"><span class='ocrx_word' id='word_1_85' title='bbox 61 1147 153 1202; x_wconf 83' lang='lat' dir='ltr'><strong>riter</strong></span> <span class='ocrx_word' id='word_1_86' title='bbox 178 1156 227 1207; x_wconf 90' lang='lat' dir='ltr'><strong>et</strong></span> <span class='ocrx_word' id='word_1_87' title='bbox 257 1166 495 1228; x_wconf 81' lang='lat' dir='ltr'><strong>pugnae</strong></span> <span class='ocrx_word' id='word_1_88' title='bbox 526 1165 937 1233; x_wconf 75' lang='lat' dir='ltr'><strong>composuerat</strong></span> <span class='ocrx_word' id='word_1_89' title='bbox 964 1159 1300 1218; x_wconf 74' lang='lat' dir='ltr'><strong>exercitum.</strong></span> <span class='ocrx_word' id='word_1_90' title='bbox 1377 1160 1561 1220; x_wconf 79' lang='lat' dir='ltr'><strong>latere·</strong></span> <span class='ocrx_word' id='word_1_91' title='bbox 1588 1159 1790 1218; x_wconf 79' lang='lat' dir='ltr'><strong>dextro</strong></span> <span class='ocrx_word' id='word_1_92' title='bbox 1825 1162 1993 1218; x_wconf 87' lang='lat' dir='ltr'><strong>tertia</strong></span> 
     </span>
     <span class='ocr_line' id='line_1_12' title="bbox 60 1227 1988 1318; baseline 0.007 -30"><span class='ocrx_word' id='word_1_93' title='bbox 60 1227 191 1306; x_wconf 82' lang='lat' dir='ltr'><strong>legi0,</strong></span> <span class='ocrx_word' id='word_1_94' title='bbox 220 1233 450 1295; x_wconf 88' lang='lat' dir='ltr'><strong>sinistro</strong></span> <span class='ocrx_word' id='word_1_95' title='bbox 484 1247 650 1297; x_wconf 86' lang='lat' dir='ltr'><strong>sexta</strong></span> <span class='ocrx_word' id='word_1_96' title='bbox 678 1239 1001 1318; x_wconf 81' lang='lat' dir='ltr'><strong>incedebat,</strong></span> <span class='ocrx_word' id='word_1_97' title='bbox 1030 1242 1230 1301; x_wconf 90' lang='lat' dir='ltr'><strong>mediis</strong></span> <span class='ocrx_word' id='word_1_98' title='bbox 1257 1243 1692 1302; x_wconf 84' lang='lat' dir='ltr'><strong>decumanorum</strong></span> <span class='ocrx_word' id='word_1_99' title='bbox 1719 1239 1988 1311; x_wconf 84' lang='lat' dir='ltr'><strong>delectis3</strong></span> 
     </span>
     <span class='ocr_line' id='line_1_13' title="bbox 60 1319 1988 1402; baseline 0.008 -33"><span class='ocrx_word' id='word_1_100' title='bbox 60 1323 239 1391; x_wconf 80' lang='lat' dir='ltr'><strong>recepta</strong></span> <span class='ocrx_word' id='word_1_101' title='bbox 275 1319 431 1378; x_wconf 76' lang='lat' dir='ltr'><strong>inter</strong></span> <span class='ocrx_word' id='word_1_102' title='bbox 474 1321 704 1382; x_wconf 87' lang='lat' dir='ltr'><strong>ordines</strong></span> <span class='ocrx_word' id='word_1_103' title='bbox 738 1324 1168 1402; x_wconf 85' lang='lat' dir='ltr'><strong>impedimenta,</strong></span> <span class='ocrx_word' id='word_1_104' title='bbox 1209 1335 1270 1386; x_wconf 91' lang='lat' dir='ltr'><strong>et</strong></span> <span class='ocrx_word' id='word_1_105' title='bbox 1312 1335 1534 1402; x_wconf 77' lang='lat' dir='ltr'><strong>tergum</strong></span> <span class='ocrx_word' id='word_1_106' title='bbox 1567 1323 1720 1382; x_wconf 85' lang='lat' dir='ltr'><strong>mille</strong></span> <span class='ocrx_word' id='word_1_107' title='bbox 1763 1326 1988 1402; x_wconf 85' lang='lat' dir='ltr'><strong>equites</strong></span> 
     </span>
     <span class='ocr_line' id='line_1_14' title="bbox 60 1395 2057 1481; baseline 0.009 -29"><span class='ocrx_word' id='word_1_108' title='bbox 60 1395 327 1478; x_wconf 83' lang='lat' dir='ltr'><strong>tuebantur,</strong></span> <span class='ocrx_word' id='word_1_109' title='bbox 376 1403 586 1481; x_wconf 84' lang='lat' dir='ltr'><strong>quibus</strong></span> <span class='ocrx_word' id='word_1_110' title='bbox 626 1408 876 1467; x_wconf 78' lang='lat' dir='ltr'><strong>iusserat</strong></span> <span class='ocrx_word' id='word_1_111' title='bbox 915 1417 973 1468; x_wconf 91' lang='lat' dir='ltr'><strong>ut</strong></span> <span class='ocrx_word' id='word_1_112' title='bbox 1012 1409 1353 1469; x_wconf 85' lang='lat' dir='ltr'><strong>instantibus</strong></span> <span class='ocrx_word' id='word_1_113' title='bbox 1398 1406 1709 1467; x_wconf 83' lang='lat' dir='ltr'><strong>comminus·</strong></span> <span class='ocrx_word' id='word_1_114' title='bbox 1750 1409 2057 1470; x_wconf 84' lang='lat' dir='ltr'><strong>resiste-10</strong></span> 
     </span>
     <span class='ocr_line' id='line_1_15' title="bbox 60 1484 2056 1572; baseline 0.009 -38"><span class='ocrx_word' id='word_1_115' title='bbox 60 1488 167 1554; x_wconf 84' lang='lat' dir='ltr'><strong>rent,</strong></span> <span class='ocrx_word' id='word_1_116' title='bbox 189 1484 433 1562; x_wconf 81' lang='lat' dir='ltr'><strong>refugos</strong></span> <span class='ocrx_word' id='word_1_117' title='bbox 456 1505 571 1547; x_wconf 90' lang='lat' dir='ltr'><strong>non</strong></span> <span class='ocrx_word' id='word_1_118' title='bbox 604 1499 1003 1570; x_wconf 84' lang='lat' dir='ltr'><strong>sequerentur.</strong></span> <span class='ocrx_word' id='word_1_119' title='bbox 1054 1493 1111 1552; x_wconf 90' lang='lat' dir='ltr'><strong>in</strong></span> <span class='ocrx_word' id='word_1_120' title='bbox 1144 1492 1410 1552; x_wconf 82' lang='lat' dir='ltr'><strong>cornibus</strong></span> <span class='ocrx_word' id='word_1_121' title='bbox 1439 1488 1620 1568; x_wconf 84' lang='lat' dir='ltr'><strong>pedes</strong></span> <span class='ocrx_word' id='word_1_122' title='bbox 1650 1491 1984 1567; x_wconf 85' lang='lat' dir='ltr'><strong>sagittarius</strong></span> <span class='ocrx_word' id='word_1_123' title='bbox 2036 1551 2056 1572; x_wconf 23' lang='grc'><strong>,,</strong></span> 
     </span>
     <span class='ocr_line' id='line_1_16' title="bbox 60 1568 1984 1655; baseline 0.009 -38"><span class='ocrx_word' id='word_1_124' title='bbox 60 1568 96 1617; x_wconf 85' lang='lat' dir='ltr'><strong>et</strong></span> <span class='ocrx_word' id='word_1_125' title='bbox 114 1573 279 1628; x_wconf 84' lang='lat' dir='ltr'><strong>cetera</strong></span> <span class='ocrx_word' id='word_1_126' title='bbox 304 1587 509 1632; x_wconf 81' lang='lat' dir='ltr'><strong>manus</strong></span> <span class='ocrx_word' id='word_1_127' title='bbox 539 1575 967 1652; x_wconf 36' lang='lat' dir='ltr'><strong>equitumvibat,</strong></span> <span class='ocrx_word' id='word_1_128' title='bbox 1001 1576 1370 1655; x_wconf 79' lang='lat' dir='ltr'><strong>productiore</strong></span> <span class='ocrx_word' id='word_1_129' title='bbox 1403 1589 1578 1632; x_wconf 82' lang='lat' dir='ltr'><strong>cornu</strong></span> <span class='ocrx_word' id='word_1_130' title='bbox 1613 1575 1844 1634; x_wconf 86' lang='lat' dir='ltr'><strong>sinistro</strong></span> <span class='ocrx_word' id='word_1_131' title='bbox 1877 1593 1984 1654; x_wconf 87' lang='lat' dir='ltr'><strong>per</strong></span> 
     </span>
     <span class='ocr_line' id='line_1_17' title="bbox 58 1645 1981 1737; baseline 0.006 -32"><span class='ocrx_word' id='word_1_132' title='bbox 58 1645 127 1705; x_wconf 83' lang='lat' dir='ltr'><strong>ima</strong></span> <span class='ocrx_word' id='word_1_133' title='bbox 167 1651 417 1734; x_wconf 82' lang='lat' dir='ltr'><strong>collium,</strong></span> <span class='ocrx_word' id='word_1_134' title='bbox 464 1655 553 1734; x_wconf 83' lang='lat' dir='ltr'><strong>ut,</strong></span> <span class='ocrx_word' id='word_1_135' title='bbox 601 1660 650 1717; x_wconf 87' lang='lat' dir='ltr'><strong>si</strong></span> <span class='ocrx_word' id='word_1_136' title='bbox 693 1658 880 1718; x_wconf 85' lang='lat' dir='ltr'><strong>hostis</strong></span> <span class='ocrx_word' id='word_1_137' title='bbox 924 1661 1279 1735; x_wconf 77' lang='lat' dir='ltr'><strong>intravisset,</strong></span> <span class='ocrx_word' id='word_1_138' title='bbox 1321 1658 1508 1717; x_wconf 74' lang='lat' dir='ltr'><strong>fronte</strong></span> <span class='ocrx_word' id='word_1_139' title='bbox 1537 1657 1701 1716; x_wconf 86' lang='lat' dir='ltr'><strong>simul</strong></span> <span class='ocrx_word' id='word_1_140' title='bbox 1749 1667 1808 1718; x_wconf 87' lang='lat' dir='ltr'><strong>et</strong></span> <span class='ocrx_word' id='word_1_141' title='bbox 1853 1660 1981 1737; x_wconf 77' lang='lat' dir='ltr'><strong>sinu</strong></span> 
     </span>
     <span class='ocr_line' id='line_1_18' title="bbox 60 1731 1979 1818; baseline 0.008 -32"><span class='ocrx_word' id='word_1_142' title='bbox 60 1731 379 1808; x_wconf 79' lang='lat' dir='ltr'><strong>exciperetur.</strong></span> <span class='ocrx_word' id='word_1_143' title='bbox 453 1741 745 1801; x_wconf 84' lang='lat' dir='ltr'><strong>adsultare</strong></span> <span class='ocrx_word' id='word_1_144' title='bbox 790 1761 864 1802; x_wconf 84' lang='lat' dir='ltr'><strong>ex</strong></span> <span class='ocrx_word' id='word_1_145' title='bbox 904 1743 1136 1803; x_wconf 79' lang='lat' dir='ltr'><strong>diverso</strong></span> <span class='ocrx_word' id='word_1_146' title='bbox 1181 1739 1492 1814; x_wconf 78' lang='lat' dir='ltr'><strong>Tiridates,</strong></span> <span class='ocrx_word' id='word_1_147' title='bbox 1535 1757 1649 1798; x_wconf 87' lang='lat' dir='ltr'><strong>non</strong></span> <span class='ocrx_word' id='word_1_148' title='bbox 1693 1758 1874 1818; x_wconf 90' lang='lat' dir='ltr'><strong>usque</strong></span> <span class='ocrx_word' id='word_1_149' title='bbox 1907 1742 1979 1800; x_wconf 85' lang='lat' dir='ltr'><strong>ad</strong></span> 
     </span>
     <span class='ocr_line' id='line_1_19' title="bbox 56 1809 2048 1905; baseline 0.009 -36"><span class='ocrx_word' id='word_1_150' title='bbox 56 1809 174 1872; x_wconf 84' lang='lat' dir='ltr'><strong>ictum</strong></span> <span class='ocrx_word' id='word_1_151' title='bbox 198 1819 315 1897; x_wconf 89' lang='lat' dir='ltr'><strong>teli,</strong></span> <span class='ocrx_word' id='word_1_152' title='bbox 351 1824 460 1884; x_wconf 87' lang='lat' dir='ltr'><strong>sed</strong></span> <span class='ocrx_word' id='word_1_153' title='bbox 492 1831 603 1883; x_wconf 78' lang='lat' dir='ltr'><strong>tam</strong></span> <span class='ocrx_word' id='word_1_154' title='bbox 632 1828 914 1904; x_wconf 83' lang='lat' dir='ltr'><strong>minitans,</strong></span> <span class='ocrx_word' id='word_1_155' title='bbox 944 1837 1065 1886; x_wconf 82' lang='lat' dir='ltr'><strong>tum·</strong></span> <span class='ocrx_word' id='word_1_156' title='bbox 1083 1825 1278 1905; x_wconf 85' lang='lat' dir='ltr'><strong>specie</strong></span> <span class='ocrx_word' id='word_1_157' title='bbox 1309 1820 1668 1900; x_wconf 84' lang='lat' dir='ltr'><strong>trepidantis,</strong></span> <span class='ocrx_word' id='word_1_158' title='bbox 1703 1825 1752 1880; x_wconf 82' lang='lat' dir='ltr'><strong>si</strong></span> <span class='ocrx_word' id='word_1_159' title='bbox 1778 1824 1978 1884; x_wconf 81' lang='lat' dir='ltr'><strong>laxare</strong></span> <span class='ocrx_word' id='word_1_160' title='bbox 2000 1848 2048 1888; x_wconf 80' lang='lat'><strong>15</strong></span> 
     </span>
     <span class='ocr_line' id='line_1_20' title="bbox 60 1895 1975 1989; baseline 0.007 -36"><span class='ocrx_word' id='word_1_161' title='bbox 60 1895 233 1960; x_wconf 67' lang='lat' dir='ltr'><strong>ordines</strong></span> <span class='ocrx_word' id='word_1_162' title='bbox 267 1914 339 1965; x_wconf 86' lang='lat' dir='ltr'><strong>et·</strong></span> <span class='ocrx_word' id='word_1_163' title='bbox 364 1907 635 1968; x_wconf 63' lang='lat' dir='ltr'><strong>diversos</strong></span> <span class='ocrx_word' id='word_1_164' title='bbox 685 1911 1005 1970; x_wconf 87' lang='lat' dir='ltr'><strong>consectari</strong></span> <span class='ocrx_word' id='word_1_165' title='bbox 1054 1915 1278 1989; x_wconf 77' lang='lat' dir='ltr'><strong>posset.</strong></span> <span class='ocrx_word' id='word_1_166' title='bbox 1337 1904 1432 1964; x_wconf 88' lang='lat' dir='ltr'><strong>ubi</strong></span> <span class='ocrx_word' id='word_1_167' title='bbox 1457 1903 1617 1986; x_wconf 68' lang='lat' dir='ltr'><strong>=nihil</strong></span> <span class='ocrx_word' id='word_1_168' title='bbox 1649 1909 1975 1966; x_wconf 70' lang='lat' dir='ltr'><strong>temeritate</strong></span> 
     </span>
     <span class='ocr_line' id='line_1_21' title="bbox 56 1977 1970 2072; baseline 0.007 -37"><span class='ocrx_word' id='word_1_169' title='bbox 56 1977 263 2065; x_wconf 75' lang='lat' dir='ltr'><strong>solutam,</strong></span> <span class='ocrx_word' id='word_1_170' title='bbox 291 2008 422 2051; x_wconf 77' lang='lat' dir='ltr'><strong>nec</strong></span> <span class='ocrx_word' id='word_1_171' title='bbox 462 1993 703 2071; x_wconf 84' lang='lat' dir='ltr'><strong>amplius</strong></span> <span class='ocrx_word' id='word_1_172' title='bbox 746 2012 908 2072; x_wconf 82' lang='lat' dir='ltr'><strong>quam</strong></span> <span class='ocrx_word' id='word_1_173' title='bbox 952 1989 1184 2052; x_wconf 79' lang='lat' dir='ltr'><strong>decurio</strong></span> <span class='ocrx_word' id='word_1_174' title='bbox 1216 1989 1468 2067; x_wconf 85' lang='lat' dir='ltr'><strong>equitum</strong></span> <span class='ocrx_word' id='word_1_175' title='bbox 1501 1985 1799 2047; x_wconf 81' lang='lat' dir='ltr'><strong>audentius</strong></span> <span class='ocrx_word' id='word_1_176' title='bbox 1835 2007 1970 2066; x_wconf 88' lang='lat' dir='ltr'><strong>pro-</strong></span> 
     </span>
     <span class='ocr_line' id='line_1_22' title="bbox 54 2071 1966 2157; baseline -0.001 -23"><span class='ocrx_word' id='word_1_177' title='bbox 54 2076 227 2133; x_wconf 69' lang='lat' dir='ltr'><strong>gressus</strong></span> <span class='ocrx_word' id='word_1_178' title='bbox 268 2079 597 2153; x_wconf 85' lang='lat' dir='ltr'><strong>et·sagittis</strong></span> <span class='ocrx_word' id='word_1_179' title='bbox 637 2078 894 2139; x_wconf 71' lang='lat' dir='ltr'><strong>confixus</strong></span> <span class='ocrx_word' id='word_1_180' title='bbox 935 2081 1166 2135; x_wconf 81' lang='lat' dir='ltr'><strong>ceteros</strong></span> <span class='ocrx_word' id='word_1_181' title='bbox 1207 2071 1284 2133; x_wconf 89' lang='lat' dir='ltr'><strong>ad</strong></span> <span class='ocrx_word' id='word_1_182' title='bbox 1315 2071 1652 2157; x_wconf 80' lang='lat' dir='ltr'><strong>obsequium</strong></span> <span class='ocrx_word' id='word_1_183' title='bbox 1699 2072 1966 2150; x_wconf 85' lang='lat' dir='ltr'><strong>exemplo</strong></span> 
     </span>
     <span class='ocr_line' id='line_1_23' title="bbox 54 2142 1750 2238; baseline 0.001 -33"><span class='ocrx_word' id='word_1_184' title='bbox 54 2142 335 2235; x_wconf 81' lang='lat' dir='ltr'><strong>firmaverat,</strong></span> <span class='ocrx_word' id='word_1_185' title='bbox 373 2162 717 2238; x_wconf 81' lang='lat' dir='ltr'><strong>propinquis</strong></span> <span class='ocrx_word' id='word_1_186' title='bbox 748 2161 859 2219; x_wconf 87' lang='lat' dir='ltr'><strong>iam</strong></span> <span class='ocrx_word' id='word_1_187' title='bbox 892 2155 1148 2217; x_wconf 85' lang='lat' dir='ltr'><strong>tenebris</strong></span> <span class='ocrx_word' id='word_1_188' title='bbox 1174 2156 1480 2215; x_wconf 79' lang='lat' dir='ltr'><strong>abscessit.</strong></span> <span class='ocrx_word' id='word_1_189' title='bbox 1747 2204 1750 2207; x_wconf 81' lang='grc'>,</span> 
     </span>
    </p>

    <p class='ocr_par' dir='ltr' id='par_1_4' title="bbox 46 2236 2094 3636">
     <span class='ocr_line' id='line_1_24' title="bbox 133 2236 1968 2318; baseline 0.003 -25"><span class='ocrx_word' id='word_1_190' title='bbox 133 2236 215 2295; x_wconf 80' lang='lat'><strong>41.</strong></span> <span class='ocrx_word' id='word_1_191' title='bbox 250 2238 322 2301; x_wconf 84' lang='lat' dir='ltr'><strong>Et</strong></span> <span class='ocrx_word' id='word_1_192' title='bbox 354 2242 613 2303; x_wconf 81' lang='lat' dir='ltr'><strong>Corbulo</strong></span> <span class='ocrx_word' id='word_1_193' title='bbox 658 2252 845 2303; x_wconf 87' lang='lat' dir='ltr'><strong>castra</strong></span> <span class='ocrx_word' id='word_1_194' title='bbox 885 2243 943 2299; x_wconf 90' lang='lat' dir='ltr'><strong>in</strong></span> <span class='ocrx_word' id='word_1_195' title='bbox 973 2240 1113 2299; x_wconf 88' lang='lat' dir='ltr'><strong>loco·</strong></span> <span class='ocrx_word' id='word_1_196' title='bbox 1144 2248 1420 2314; x_wconf 86' lang='lat' dir='ltr'><strong>metatus,</strong></span> <span class='ocrx_word' id='word_1_197' title='bbox 1467 2256 1545 2298; x_wconf 69' lang='lat' dir='ltr'><strong>au¹</strong></span> <span class='ocrx_word' id='word_1_198' title='bbox 1569 2238 1854 2318; x_wconf 85' lang='lat' dir='ltr'><strong>expeditis</strong></span> <span class='ocrx_word' id='word_1_199' title='bbox 1887 2240 1968 2299; x_wconf 86' lang='lat' dir='ltr'><strong>le-</strong></span> 
     </span>
     <span class='ocr_line' id='line_1_25' title="bbox 53 2314 2094 2407; baseline 0 -23"><span class='ocrx_word' id='word_1_200' title='bbox 53 2314 253 2383; x_wconf 75' lang='lat' dir='ltr'><strong>gionibus</strong></span> <span class='ocrx_word' id='word_1_201' title='bbox 304 2336 482 2387; x_wconf 77' lang='lat' dir='ltr'><strong>noete</strong></span> <span class='ocrx_word' id='word_1_202' title='bbox 536 2324 815 2385; x_wconf 82' lang='lat' dir='ltr'><strong>Artaxata</strong></span> <span class='ocrx_word' id='word_1_203' title='bbox 869 2332 1147 2402; x_wconf 84' lang='lat' dir='ltr'><strong>pergeret</strong></span> <span class='ocrx_word' id='word_1_204' title='bbox 1200 2322 1538 2401; x_wconf 86' lang='lat' dir='ltr'><strong>obsidioque</strong></span> <span class='ocrx_word' id='word_1_205' title='bbox 1588 2323 1983 2385; x_wconf 67' lang='lat' dir='ltr'><strong>circumdaret</strong></span> <span class='ocrx_word' id='word_1_206' title='bbox 2089 2400 2094 2407; x_wconf 20' lang='grc'><strong><em>1</em></strong></span> 
     </span>
     <span class='ocr_line' id='line_1_26' title="bbox 53 2398 1966 2484; baseline -0.002 -15"><span class='ocrx_word' id='word_1_207' title='bbox 53 2398 241 2480; x_wconf 56' lang='lat' dir='ltr'><strong>agitavit,</strong></span> <span class='ocrx_word' id='word_1_208' title='bbox 273 2410 641 2469; x_wconf 83' lang='lat' dir='ltr'><strong>concessisse</strong></span> <span class='ocrx_word' id='word_1_209' title='bbox 669 2410 807 2469; x_wconf 82' lang='lat' dir='ltr'><strong>illuc</strong></span> <span class='ocrx_word' id='word_1_210' title='bbox 828 2408 1117 2468; x_wconf 87' lang='lat' dir='ltr'><strong>Tiridaten</strong></span> <span class='ocrx_word' id='word_1_211' title='bbox 1140 2416 1314 2467; x_wconf 82' lang='lat' dir='ltr'><strong>ratus.</strong></span> <span class='ocrx_word' id='word_1_212' title='bbox 1373 2406 1500 2465; x_wconf 89' lang='lat' dir='ltr'><strong>dein</strong></span> <span class='ocrx_word' id='word_1_213' title='bbox 1530 2414 1834 2484; x_wconf 84' lang='lat' dir='ltr'><strong>postquam</strong></span> <span class='ocrx_word' id='word_1_214' title='bbox 1866 2426 1966 2467; x_wconf 82' lang='lat' dir='ltr'><strong>ex·</strong></span> 
     </span>
     <span class='ocr_line' id='line_1_27' title="bbox 52 2478 1966 2571; baseline -0.001 -20"><span class='ocrx_word' id='word_1_215' title='bbox 52 2478 309 2551; x_wconf 62' lang='lat' dir='ltr'><strong>moratores</strong></span> <span class='ocrx_word' id='word_1_216' title='bbox 353 2492 599 2553; x_wconf 84' lang='lat' dir='ltr'><strong>attulere</strong></span> <span class='ocrx_word' id='word_1_217' title='bbox 632 2493 1002 2571; x_wconf 85' lang='lat' dir='ltr'><strong>longinquum</strong></span> <span class='ocrx_word' id='word_1_218' title='bbox 1043 2492 1342 2569; x_wconf 69' lang='lat' dir='ltr'><strong>regis‘iter</strong></span> <span class='ocrx_word' id='word_1_219' title='bbox 1384 2498 1453 2549; x_wconf 64' lang='lat' dir='ltr'><strong>et»</strong></span> <span class='ocrx_word' id='word_1_220' title='bbox 1467 2489 1620 2549; x_wconf 83' lang='lat' dir='ltr'><strong>Medi</strong></span> <span class='ocrx_word' id='word_1_221' title='bbox 1653 2508 1724 2548; x_wconf 90' lang='lat' dir='ltr'><strong>an</strong></span> <span class='ocrx_word' id='word_1_222' title='bbox 1753 2489 1966 2549; x_wconf 67' lang='lat' dir='ltr'><strong>Albani</strong></span> 
     </span>
     <span class='ocr_line' id='line_1_28' title="bbox 48 2570 2012 2654; baseline 0.005 -32"><span class='ocrx_word' id='word_1_223' title='bbox 48 2570 649 2653; x_wconf 77' lang='lat' dir='ltr'><strong>peterentur&#39;incertum,</strong></span> <span class='ocrx_word' id='word_1_224' title='bbox 696 2578 885 2637; x_wconf 87' lang='lat' dir='ltr'><strong>lucem</strong></span> <span class='ocrx_word' id='word_1_225' title='bbox 916 2577 1241 2654; x_wconf 80' lang='lat' dir='ltr'><strong>opperitur,</strong></span> <span class='ocrx_word' id='word_1_226' title='bbox 1289 2575 1602 2653; x_wconf 86' lang='lat' dir='ltr'><strong>praemissa</strong></span> <span class='ocrx_word' id='word_1_227' title='bbox 1633 2573 1748 2633; x_wconf 84' lang='lat' dir='ltr'><strong>levi</strong></span> <span class='ocrx_word' id='word_1_228' title='bbox 1781 2590 1960 2632; x_wconf 88' lang='lat' dir='ltr'><strong>arma·</strong></span> <span class='ocrx_word' id='word_1_229' title='bbox 1987 2594 2012 2632; x_wconf 83' lang='lat'><strong>5</strong></span> 
     </span>
     <span class='ocr_line' id='line_1_29' title="bbox 47 2648 1964 2737; baseline -0.004 -14"><span class='ocrx_word' id='word_1_230' title='bbox 47 2648 151 2723; x_wconf 54' lang='grc' dir='ltr'><strong>Μ’,</strong></span> <span class='ocrx_word' id='word_1_231' title='bbox 187 2670 323 2731; x_wconf 71' lang='lat' dir='ltr'><strong>quae</strong></span> <span class='ocrx_word' id='word_1_232' title='bbox 348 2678 547 2721; x_wconf 83' lang='lat' dir='ltr'><strong>muros</strong></span> <span class='ocrx_word' id='word_1_233' title='bbox 576 2662 803 2720; x_wconf 81' lang='lat' dir='ltr'><strong>interim</strong></span> <span class='ocrx_word' id='word_1_234' title='bbox 842 2660 1077 2721; x_wconf 86' lang='lat' dir='ltr'><strong>ambiret</strong></span> <span class='ocrx_word' id='word_1_235' title='bbox 1110 2658 1712 2737; x_wconf 81' lang='lat' dir='ltr'><strong>oppugnationemque</strong></span> <span class='ocrx_word' id='word_1_236' title='bbox 1744 2658 1964 2718; x_wconf 84' lang='lat' dir='ltr'><strong>eminus</strong></span> 
     </span>
     <span class='ocr_line' id='line_1_30' title="bbox 46 2724 2039 2823; baseline 0.01 -44"><span class='ocrx_word' id='word_1_237' title='bbox 46 2724 279 2809; x_wconf 76' lang='lat' dir='ltr'><strong>inciperet.</strong></span> <span class='ocrx_word' id='word_1_238' title='bbox 353 2744 459 2804; x_wconf 84' lang='lat' dir='ltr'><strong>sed</strong></span> <span class='ocrx_word' id='word_1_239' title='bbox 500 2744 773 2823; x_wconf 85' lang='lat' dir='ltr'><strong>&#39;oppidani</strong></span> <span class='ocrx_word' id='word_1_240' title='bbox 817 2744 997 2823; x_wconf 83' lang='lat' dir='ltr'><strong>portis</strong></span> <span class='ocrx_word' id='word_1_241' title='bbox 1039 2736 1246 2822; x_wconf 79' lang='lat' dir='ltr'><strong>sponte</strong></span> <span class='ocrx_word' id='word_1_242' title='bbox 1290 2740 1594 2819; x_wconf 76' lang='lat' dir='ltr'><strong>patefactis</strong></span> <span class='ocrx_word' id='word_1_243' title='bbox 1637 2758 1703 2803; x_wconf 85' lang='lat' dir='ltr'><strong>se</strong></span> <span class='ocrx_word' id='word_1_244' title='bbox 1743 2742 1985 2818; x_wconf 46' lang='lat' dir='ltr'><strong>suaque*</strong></span> <span class='ocrx_word' id='word_1_245' title='bbox 2033 2759 2039 2764; x_wconf 86' lang='lat'><em>·</em></span> 
     </span>
     <span class='ocr_line' id='line_1_31' title="bbox 46 2805 1994 2906; baseline 0.005 -32"><span class='ocrx_word' id='word_1_246' title='bbox 46 2805 250 2900; x_wconf 60' lang='lat' dir='ltr'><strong>Romanis</strong></span> <span class='ocrx_word' id='word_1_247' title='bbox 304 2830 656 2906; x_wconf 82' lang='lat' dir='ltr'><strong>permisere,</strong></span> <span class='ocrx_word' id='word_1_248' title='bbox 729 2829 877 2906; x_wconf 89' lang='lat' dir='ltr'><strong>quod</strong></span> <span class='ocrx_word' id='word_1_249' title='bbox 939 2826 1175 2886; x_wconf 85' lang='lat' dir='ltr'><strong>salutem</strong></span> <span class='ocrx_word' id='word_1_250' title='bbox 1234 2827 1388 2903; x_wconf 80' lang='lat' dir='ltr'><strong>ipsis</strong></span> <span class='ocrx_word' id='word_1_251' title='bbox 1432 2824 1592 2883; x_wconf 82' lang='lat' dir='ltr'><strong>tulit.-</strong></span> <span class='ocrx_word' id='word_1_252' title='bbox 1663 2824 1994 2884; x_wconf 73' lang='lat' dir='ltr'><strong>Artaxatis·</strong></span> 
     </span>
     <span class='ocr_line' id='line_1_32' title="bbox 46 2896 2009 2989; baseline 0.008 -38"><span class='ocrx_word' id='word_1_253' title='bbox 46 2896 149 2965; x_wconf 78' lang='lat' dir='ltr'><strong>1gnis</strong></span> <span class='ocrx_word' id='word_1_254' title='bbox 189 2906 443 2971; x_wconf 82' lang='lat' dir='ltr'><strong>inmissus</strong></span> <span class='ocrx_word' id='word_1_255' title='bbox 492 2913 798 2989; x_wconf 84' lang='lat' dir='ltr'><strong>deletaque</strong></span> <span class='ocrx_word' id='word_1_256' title='bbox 844 2919 903 2969; x_wconf 91' lang='lat' dir='ltr'><strong>et</strong></span> <span class='ocrx_word' id='word_1_257' title='bbox 953 2910 1081 2969; x_wconf 84' lang='lat' dir='ltr'><strong>solo</strong></span> <span class='ocrx_word' id='word_1_258' title='bbox 1136 2917 1380 2985; x_wconf 85' lang='lat' dir='ltr'><strong>aequata</strong></span> <span class='ocrx_word' id='word_1_259' title='bbox 1439 2917 1600 2984; x_wconf 87' lang='lat' dir='ltr'><strong>sunt,</strong></span> <span class='ocrx_word' id='word_1_260' title='bbox 1668 2910 1810 2987; x_wconf 75' lang='lat' dir='ltr'><strong>quia</strong></span> <span class='ocrx_word' id='word_1_261' title='bbox 1849 2925 1958 2966; x_wconf 82' lang='lat' dir='ltr'><strong>nec</strong></span> <span class='ocrx_word' id='word_1_262' title='bbox 1994 2963 2009 2979; x_wconf 67' lang='grc'><strong><em>,</em></strong></span> 
     </span>
     <span class='ocr_line' id='line_1_33' title="bbox 46 2980 2027 3075; baseline 0.003 -27"><span class='ocrx_word' id='word_1_263' title='bbox 46 2980 173 3043; x_wconf 65' lang='lat' dir='ltr'><strong>‘eneti</strong></span> <span class='ocrx_word' id='word_1_264' title='bbox 208 2992 325 3055; x_wconf 85' lang='lat' dir='ltr'><strong>sine</strong></span> <span class='ocrx_word' id='word_1_265' title='bbox 356 2996 551 3055; x_wconf 81' lang='lat' dir='ltr'><strong>valido</strong></span> <span class='ocrx_word' id='word_1_266' title='bbox 582 2995 869 3075; x_wconf 79' lang='lat' dir='ltr'><strong>praesidio</strong></span> <span class='ocrx_word' id='word_1_267' title='bbox 915 2992 986 3049; x_wconf 89' lang='lat' dir='ltr'><strong>ob</strong></span> <span class='ocrx_word' id='word_1_268' title='bbox 1018 2992 1462 3067; x_wconf 84' lang='lat' dir='ltr'><strong>magnitudinem</strong></span> <span class='ocrx_word' id='word_1_269' title='bbox 1490 2995 1805 3068; x_wconf 89' lang='lat' dir='ltr'><strong>moenium,</strong></span> <span class='ocrx_word' id='word_1_270' title='bbox 1847 3006 1956 3049; x_wconf 86' lang='lat' dir='ltr'><strong>nec</strong></span> <span class='ocrx_word' id='word_1_271' title='bbox 1978 3014 2027 3054; x_wconf 87' lang='lat'><strong>10</strong></span> 
     </span>
     <span class='ocr_line' id='line_1_34' title="bbox 47 3055 1955 3153; baseline 0.002 -26"><span class='ocrx_word' id='word_1_272' title='bbox 47 3055 82 3114; x_wconf 70' lang='lat' dir='ltr'><strong>id</strong></span> <span class='ocrx_word' id='word_1_273' title='bbox 118 3070 255 3134; x_wconf 78' lang='lat' dir='ltr'><strong>nobis</strong></span> <span class='ocrx_word' id='word_1_274' title='bbox 300 3082 505 3140; x_wconf 84' lang='lat' dir='ltr'><strong>virium</strong></span> <span class='ocrx_word' id='word_1_275' title='bbox 560 3088 732 3153; x_wconf 67' lang='lat' dir='ltr'><strong>erat,⁴</strong></span> <span class='ocrx_word' id='word_1_276' title='bbox 772 3074 925 3153; x_wconf 85' lang='lat' dir='ltr'><strong>quod</strong></span> <span class='ocrx_word' id='word_1_277' title='bbox 972 3073 1248 3134; x_wconf 84' lang='lat' dir='ltr'><strong>firmando</strong></span> <span class='ocrx_word' id='word_1_278' title='bbox 1305 3074 1596 3153; x_wconf 77' lang='lat' dir='ltr'><strong>praesidio</strong></span> <span class='ocrx_word' id='word_1_279' title='bbox 1649 3084 1706 3133; x_wconf 86' lang='lat' dir='ltr'><strong>et</strong></span> <span class='ocrx_word' id='word_1_280' title='bbox 1751 3088 1955 3152; x_wconf 80' lang='lat' dir='ltr'><strong>capes-</strong></span> 
     </span>
     <span class='ocr_line' id='line_1_35' title="bbox 46 3149 1954 3235; baseline 0.008 -36"><span class='ocrx_word' id='word_1_281' title='bbox 46 3149 175 3211; x_wconf 86' lang='lat' dir='ltr'><strong>sendo</strong></span> <span class='ocrx_word' id='word_1_282' title='bbox 208 3157 357 3223; x_wconf 88' lang='lat' dir='ltr'><strong>bello</strong></span> <span class='ocrx_word' id='word_1_283' title='bbox 402 3154 777 3235; x_wconf 78' lang='lat' dir='ltr'><strong>divideretur,</strong></span> <span class='ocrx_word' id='word_1_284' title='bbox 823 3156 917 3218; x_wconf 85' lang='lat' dir='ltr'><strong>vel</strong></span> <span class='ocrx_word' id='word_1_285' title='bbox 959 3159 1007 3216; x_wconf 91' lang='lat' dir='ltr'><strong>si</strong></span> <span class='ocrx_word' id='word_1_286' title='bbox 1048 3159 1274 3233; x_wconf 83' lang='lat' dir='ltr'><strong>integra</strong></span> <span class='ocrx_word' id='word_1_287' title='bbox 1316 3166 1374 3217; x_wconf 92' lang='lat' dir='ltr'><strong>et</strong></span> <span class='ocrx_word' id='word_1_288' title='bbox 1409 3158 1752 3217; x_wconf 88' lang='lat' dir='ltr'><strong>incustodita</strong></span> <span class='ocrx_word' id='word_1_289' title='bbox 1783 3157 1954 3215; x_wconf 75' lang='lat' dir='ltr'><strong>relin-</strong></span> 
     </span>
     <span class='ocr_line' id='line_1_36' title="bbox 46 3236 1951 3324; baseline -0.001 -26"><span class='ocrx_word' id='word_1_290' title='bbox 46 3241 313 3324; x_wconf 68' lang='lat' dir='ltr'><strong>querentur,</strong></span> <span class='ocrx_word' id='word_1_291' title='bbox 360 3248 513 3307; x_wconf 82' lang='lat' dir='ltr'><strong>nulia</strong></span> <span class='ocrx_word' id='word_1_292' title='bbox 553 3248 606 3304; x_wconf 87' lang='lat' dir='ltr'><strong>in</strong></span> <span class='ocrx_word' id='word_1_293' title='bbox 644 3261 715 3303; x_wconf 89' lang='lat' dir='ltr'><strong>eo</strong></span> <span class='ocrx_word' id='word_1_294' title='bbox 746 3242 957 3302; x_wconf 85' lang='lat' dir='ltr'><strong>utilitas</strong></span> <span class='ocrx_word' id='word_1_295' title='bbox 997 3249 1091 3300; x_wconf 89' lang='lat' dir='ltr'><strong>aut</strong></span> <span class='ocrx_word' id='word_1_296' title='bbox 1131 3240 1321 3317; x_wconf 83' lang='lat' dir='ltr'><strong>gloria</strong></span> <span class='ocrx_word' id='word_1_297' title='bbox 1353 3236 1512 3319; x_wconf 84' lang='lat' dir='ltr'><strong>quod</strong></span> <span class='ocrx_word' id='word_1_298' title='bbox 1535 3250 1700 3319; x_wconf 86' lang='lat' dir='ltr'><strong>capta</strong></span> <span class='ocrx_word' id='word_1_299' title='bbox 1737 3248 1951 3300; x_wconf 85' lang='lat' dir='ltr'><strong>essent.</strong></span> 
     </span>
     <span class='ocr_line' id='line_1_37' title="bbox 46 3309 2028 3414; baseline 0.01 -50"><span class='ocrx_word' id='word_1_300' title='bbox 46 3309 221 3383; x_wconf 80' lang='lat' dir='ltr'><strong>adicitur</strong></span> <span class='ocrx_word' id='word_1_301' title='bbox 260 3330 582 3391; x_wconf 86' lang='lat' dir='ltr'><strong>miraculum</strong></span> <span class='ocrx_word' id='word_1_302' title='bbox 608 3328 769 3387; x_wconf 80' lang='lat' dir='ltr'><strong>velut</strong></span> <span class='ocrx_word' id='word_1_303' title='bbox 809 3328 1034 3387; x_wconf 75' lang='lat' dir='ltr'><strong>numine</strong></span> <span class='ocrx_word' id='word_1_304' title='bbox 1063 3324 1343 3385; x_wconf 77' lang='lat' dir='ltr'><strong>oblatmn:</strong></span> <span class='ocrx_word' id='word_1_305' title='bbox 1394 3342 1522 3385; x_wconf 82' lang='lat' dir='ltr'><strong>nam</strong></span> <span class='ocrx_word' id='word_1_306' title='bbox 1555 3334 1760 3407; x_wconf 80' lang='lat' dir='ltr'><strong>cuneta</strong></span> <span class='ocrx_word' id='word_1_307' title='bbox 1789 3332 1965 3383; x_wconf 69' lang='lat' dir='ltr'><strong>extra</strong></span> <span class='ocrx_word' id='word_1_308' title='bbox 2025 3408 2028 3414; x_wconf 24' lang='grc' dir='ltr'>Ι</span> 
     </span>
     <span class='ocr_line' id='line_1_38' title="bbox 46 3391 2016 3491; baseline -0.002 -21"><span class='ocrx_word' id='word_1_309' title='bbox 46 3391 187 3466; x_wconf 57' lang='lat' dir='ltr'><strong>[cecus</strong></span> <span class='ocrx_word' id='word_1_310' title='bbox 211 3414 461 3491; x_wconf 82' lang='lat' dir='ltr'><strong>actenus]</strong></span> <span class='ocrx_word' id='word_1_311' title='bbox 496 3412 621 3471; x_wconf 86' lang='lat' dir='ltr'><strong>sole</strong></span> <span class='ocrx_word' id='word_1_312' title='bbox 650 3412 909 3472; x_wconf 83' lang='lat' dir='ltr'><strong>inlustria</strong></span> <span class='ocrx_word' id='word_1_313' title='bbox 937 3410 1129 3477; x_wconf 84' lang='lat' dir='ltr'><strong>fuere;</strong></span> <span class='ocrx_word' id='word_1_314' title='bbox 1168 3409 1322 3486; x_wconf 87' lang='lat' dir='ltr'><strong>quod</strong></span> <span class='ocrx_word' id='word_1_315' title='bbox 1351 3407 1650 3469; x_wconf 80' lang='lat' dir='ltr'><strong>moenibus</strong></span> <span class='ocrx_word' id='word_1_316' title='bbox 1678 3406 1948 3485; x_wconf 78' lang='lat' dir='ltr'><strong>cingeba-</strong></span> <span class='ocrx_word' id='word_1_317' title='bbox 1966 3426 2016 3467; x_wconf 82' lang='lat'><strong>15</strong></span> 
     </span>
     <span class='ocr_line' id='line_1_39' title="bbox 46 3480 1960 3636; baseline 0.009 -100"><span class='ocrx_word' id='word_1_318' title='bbox 46 3480 127 3559; x_wconf 75' lang='lat' dir='ltr'><strong>tur,</strong></span> <span class='ocrx_word' id='word_1_319' title='bbox 150 3506 365 3573; x_wconf 78' lang='lat' dir='ltr'><strong>repente</strong></span> <span class='ocrx_word' id='word_1_320' title='bbox 395 3500 473 3557; x_wconf 88' lang='lat' dir='ltr'><strong>ita</strong></span> <span class='ocrx_word' id='word_1_321' title='bbox 502 3504 634 3557; x_wconf 81' lang='lat' dir='ltr'><strong>atra</strong></span> <span class='ocrx_word' id='word_1_322' title='bbox 649 3495 799 3555; x_wconf 88' lang='lat' dir='ltr'><strong>nube</strong></span> <span class='ocrx_word' id='word_1_323' title='bbox 824 3503 1161 3575; x_wconf 86' lang='lat' dir='ltr'><strong>coopertum</strong></span> <span class='ocrx_word' id='word_1_324' title='bbox 1180 3493 1618 3636; x_wconf 55' lang='lat' dir='ltr'><strong>f¹¹¹3⁰f⁵b¹¹⁵s¹l¹2</strong></span> <span class='ocrx_word' id='word_1_325' title='bbox 1643 3492 1960 3572; x_wconf 73' lang='lat' dir='ltr'><strong>discretum</strong></span> 
     </span>
    </p>
   </div>
  </div>
 </body>
</html>
