<?xml version="1.0" encoding="UTF-8"?>
<!DOCTYPE html PUBLIC "-//W3C//DTD XHTML 1.0 Transitional//EN"
    "http://www.w3.org/TR/xhtml1/DTD/xhtml1-transitional.dtd">
<html xmlns="http://www.w3.org/1999/xhtml" xml:lang="en" lang="en">
 <head>
  <title>
</title>
<meta http-equiv="Content-Type" content="text/html;charset=utf-8" />
  <meta name='ocr-system' content='tesseract 3.04.00' />
  <meta name='ocr-capabilities' content='ocr_page ocr_carea ocr_par ocr_line ocrx_word'/>
</head>
<body>
  <div class='ocr_page' id='page_1' title='image "./corneltacitilib00unkngoog_0346.png"; bbox 0 0 2475 4000; ppageno 0'>
   <div class='ocr_carea' id='block_1_1' title="bbox 360 189 1856 272">
    <p class='ocr_par' dir='ltr' id='par_1_1' title="bbox 360 189 1856 272">
     <span class='ocr_line' id='line_1_1' title="bbox 360 189 1856 272; baseline -0.005 -2"><span class='ocrx_word' id='word_1_1' title='bbox 360 209 483 270; x_wconf 80' lang='lat'><strong>286</strong></span> <span class='ocrx_word' id='word_1_2' title='bbox 884 219 1213 266; x_wconf 65' lang='lat' dir='ltr'><strong>connnmr</strong></span> <span class='ocrx_word' id='word_1_3' title='bbox 1238 189 1470 272; x_wconf 71' lang='grc' dir='ltr'><strong>ΤΑοιςΓι</strong></span> <span class='ocrx_word' id='word_1_4' title='bbox 1493 217 1856 264; x_wconf 79' lang='lat' dir='ltr'>ANNALIUM</span> 
     </span>
    </p>
   </div>
   <div class='ocr_carea' id='block_1_2' title="bbox 251 365 2362 3555">
    <p class='ocr_par' dir='ltr' id='par_1_2' title="bbox 251 365 2362 2464">
     <span class='ocr_line' id='line_1_2' title="bbox 362 365 2360 452; baseline 0 -18"><span class='ocrx_word' id='word_1_5' title='bbox 362 393 527 452; x_wconf 87' lang='lat' dir='ltr'><strong>quam</strong></span> <span class='ocrx_word' id='word_1_6' title='bbox 570 391 695 432; x_wconf 89' lang='lat' dir='ltr'><strong>cum</strong></span> <span class='ocrx_word' id='word_1_7' title='bbox 732 365 1062 432; x_wconf 80' lang='lat' dir='ltr'><strong>Corbulone</strong></span> <span class='ocrx_word' id='word_1_8' title='bbox 1099 379 1374 446; x_wconf 77' lang='lat' dir='ltr'>certaret,</span> <span class='ocrx_word' id='word_1_9' title='bbox 1423 370 1678 431; x_wconf 87' lang='lat' dir='ltr'><strong>Corbulo</strong></span> <span class='ocrx_word' id='word_1_10' title='bbox 1709 373 1944 430; x_wconf 85' lang='lat' dir='ltr'><strong>meritae</strong></span> <span class='ocrx_word' id='word_1_11' title='bbox 1979 381 2064 432; x_wconf 91' lang='lat' dir='ltr'><strong>tot</strong></span> <span class='ocrx_word' id='word_1_12' title='bbox 2109 391 2226 452; x_wconf 87' lang='lat' dir='ltr'><strong>per</strong></span> <span class='ocrx_word' id='word_1_13' title='bbox 2258 393 2360 435; x_wconf 84' lang='lat' dir='ltr'><strong>an—</strong></span> 
     </span>
     <span class='ocr_line' id='line_1_3' title="bbox 290 455 2360 537; baseline 0.001 -23"><span class='ocrx_word' id='word_1_14' title='bbox 290 475 341 514; x_wconf 92' lang='lat'><strong>10</strong></span> <span class='ocrx_word' id='word_1_15' title='bbox 360 475 466 517; x_wconf 91' lang='lat' dir='ltr'><strong>nos</strong></span> <span class='ocrx_word' id='word_1_16' title='bbox 500 457 727 534; x_wconf 88' lang='lat' dir='ltr'><strong>gloriae</strong></span> <span class='ocrx_word' id='word_1_17' title='bbox 756 475 869 516; x_wconf 88' lang='lat' dir='ltr'><strong>non</strong></span> <span class='ocrx_word' id='word_1_18' title='bbox 898 457 1045 516; x_wconf 88' lang='lat' dir='ltr'><strong>ultra</strong></span> <span class='ocrx_word' id='word_1_19' title='bbox 1075 455 1388 534; x_wconf 85' lang='lat' dir='ltr'><strong>pericnlum</strong></span> <span class='ocrx_word' id='word_1_20' title='bbox 1422 455 1664 514; x_wconf 80' lang='lat' dir='ltr'><strong>faceret.</strong></span> <span class='ocrx_word' id='word_1_21' title='bbox 1710 472 1852 531; x_wconf 90' lang='lat' dir='ltr'><strong>nam,</strong></span> <span class='ocrx_word' id='word_1_22' title='bbox 1881 465 1942 514; x_wconf 91' lang='lat' dir='ltr'><strong>ut</strong></span> <span class='ocrx_word' id='word_1_23' title='bbox 1964 457 2186 533; x_wconf 85' lang='lat' dir='ltr'><strong>rettuli,</strong></span> <span class='ocrx_word' id='word_1_24' title='bbox 2216 477 2360 537; x_wconf 86' lang='lat' dir='ltr'><strong>pro·</strong></span> 
     </span>
     <span class='ocr_line' id='line_1_4' title="bbox 363 537 2362 624; baseline 0.001 -24"><span class='ocrx_word' id='word_1_25' title='bbox 363 543 545 619; x_wconf 88' lang='lat' dir='ltr'><strong>prium</strong></span> <span class='ocrx_word' id='word_1_26' title='bbox 600 541 802 601; x_wconf 83' lang='lat' dir='ltr'><strong>ducem</strong></span> <span class='ocrx_word' id='word_1_27' title='bbox 850 541 1091 602; x_wconf 87' lang='lat' dir='ltr'><strong>tuendae</strong></span> <span class='ocrx_word' id='word_1_28' title='bbox 1134 537 1441 598; x_wconf 81' lang='lat' dir='ltr'><strong>Armeniae</strong></span> <span class='ocrx_word' id='word_1_29' title='bbox 1494 547 1878 624; x_wconf 73' lang='lat' dir='ltr'>poposcerat,</span> <span class='ocrx_word' id='word_1_30' title='bbox 1935 548 1994 598; x_wconf 89' lang='lat' dir='ltr'><strong>et</strong></span> <span class='ocrx_word' id='word_1_31' title='bbox 2031 540 2362 601; x_wconf 75' lang='lat' dir='ltr'><strong>adventare</strong></span> 
     </span>
     <span class='ocr_line' id='line_1_5' title="bbox 361 618 2360 702; baseline 0.001 -18"><span class='ocrx_word' id='word_1_32' title='bbox 361 624 715 684; x_wconf 80' lang='lat' dir='ltr'><strong>Caesennius</strong></span> <span class='ocrx_word' id='word_1_33' title='bbox 751 618 961 685; x_wconf 84' lang='lat' dir='ltr'><strong>Paetus</strong></span> <span class='ocrx_word' id='word_1_34' title='bbox 999 619 1346 684; x_wconf 80' lang='lat' dir='ltr'><strong>audiebatur.</strong></span> <span class='ocrx_word' id='word_1_35' title='bbox 1403 625 1627 701; x_wconf 88' lang='lat' dir='ltr'><strong>iamque</strong></span> <span class='ocrx_word' id='word_1_36' title='bbox 1658 621 1885 698; x_wconf 86' lang='lat' dir='ltr'><strong>aderat,</strong></span> <span class='ocrx_word' id='word_1_37' title='bbox 1933 625 2125 702; x_wconf 88' lang='lat' dir='ltr'><strong>copiis</strong></span> <span class='ocrx_word' id='word_1_38' title='bbox 2155 627 2236 685; x_wconf 87' lang='lat' dir='ltr'><strong>ita</strong></span> <span class='ocrx_word' id='word_1_39' title='bbox 2269 626 2360 686; x_wconf 82' lang='lat' dir='ltr'><strong>di·</strong></span> 
     </span>
     <span class='ocr_line' id='line_1_6' title="bbox 358 705 2361 787; baseline 0 -19"><span class='ocrx_word' id='word_1_40' title='bbox 358 711 525 786; x_wconf 82' lang='lat' dir='ltr'><strong>visis,</strong></span> <span class='ocrx_word' id='word_1_41' title='bbox 572 718 633 770; x_wconf 86' lang='lat' dir='ltr'><strong>ut</strong></span> <span class='ocrx_word' id='word_1_42' title='bbox 664 717 898 787; x_wconf 89' lang='lat' dir='ltr'><strong>quarta</strong></span> <span class='ocrx_word' id='word_1_43' title='bbox 911 717 967 767; x_wconf 92' lang='lat' dir='ltr'><strong>et</strong></span> <span class='ocrx_word' id='word_1_44' title='bbox 1012 706 1365 766; x_wconf 85' lang='lat' dir='ltr'><strong>duodecuma</strong></span> <span class='ocrx_word' id='word_1_45' title='bbox 1397 706 1664 782; x_wconf 81' lang='lat' dir='ltr'><strong>legiones</strong></span> <span class='ocrx_word' id='word_1_46' title='bbox 1709 705 1895 766; x_wconf 89' lang='lat' dir='ltr'><strong>addita</strong></span> <span class='ocrx_word' id='word_1_47' title='bbox 1927 710 2155 785; x_wconf 89' lang='lat' dir='ltr'><strong>quinta,</strong></span> <span class='ocrx_word' id='word_1_48' title='bbox 2199 727 2361 787; x_wconf 82' lang='lat' dir='ltr'><strong>quae</strong></span> 
     </span>
     <span class='ocr_line' id='line_1_7' title="bbox 320 789 2358 872; baseline 0.001 -20.018"><span class='ocrx_word' id='word_1_49' title='bbox 320 794 566 854; x_wconf 87' lang='lat' dir='ltr'><strong>r&#39;ecens</strong></span> <span class='ocrx_word' id='word_1_50' title='bbox 602 812 635 852; x_wconf 89' lang='lat' dir='ltr'><strong>e</strong></span> <span class='ocrx_word' id='word_1_51' title='bbox 664 793 885 854; x_wconf 83' lang='lat' dir='ltr'><strong>Moesis</strong></span> <span class='ocrx_word' id='word_1_52' title='bbox 914 792 1102 850; x_wconf 79' lang='lat' dir='ltr'><strong>excita</strong></span> <span class='ocrx_word' id='word_1_53' title='bbox 1128 799 1272 866; x_wconf 89' lang='lat' dir='ltr'><strong>erat,</strong></span> <span class='ocrx_word' id='word_1_54' title='bbox 1305 789 1470 850; x_wconf 88' lang='lat' dir='ltr'><strong>simul</strong></span> <span class='ocrx_word' id='word_1_55' title='bbox 1494 790 1736 850; x_wconf 85' lang='lat' dir='ltr'><strong>Pontica</strong></span> <span class='ocrx_word' id='word_1_56' title='bbox 1761 799 1816 849; x_wconf 91' lang='lat' dir='ltr'><strong>et</strong></span> <span class='ocrx_word' id='word_1_57' title='bbox 1841 790 2167 852; x_wconf 82' lang='lat' dir='ltr'><strong>Galatarum</strong></span> <span class='ocrx_word' id='word_1_58' title='bbox 2193 793 2358 872; x_wconf 88' lang='lat' dir='ltr'><strong>Cap-</strong></span> 
     </span>
     <span class='ocr_line' id='line_1_8' title="bbox 290 873 2356 957; baseline 0.001 -23"><span class='ocrx_word' id='word_1_59' title='bbox 290 895 337 935; x_wconf 85' lang='lat'><strong>15</strong></span> <span class='ocrx_word' id='word_1_60' title='bbox 358 878 755 956; x_wconf 88' lang='lat' dir='ltr'><strong>padocumque</strong></span> <span class='ocrx_word' id='word_1_61' title='bbox 784 875 991 936; x_wconf 82' lang='lat' dir='ltr'><strong>auxilia</strong></span> <span class='ocrx_word' id='word_1_62' title='bbox 1023 874 1197 934; x_wconf 89' lang='lat' dir='ltr'><strong>Paeto</strong></span> <span class='ocrx_word' id='word_1_63' title='bbox 1244 873 1622 957; x_wconf 71' lang='lat' dir='ltr'><strong>oboedirent,</strong></span> <span class='ocrx_word' id='word_1_64' title='bbox 1671 875 1840 934; x_wconf 88' lang='lat' dir='ltr'><strong>tertia</strong></span> <span class='ocrx_word' id='word_1_65' title='bbox 1870 885 1929 937; x_wconf 84' lang='lat' dir='ltr'><strong>et</strong></span> <span class='ocrx_word' id='word_1_66' title='bbox 1959 885 2126 936; x_wconf 82' lang='lat' dir='ltr'><strong>sexta</strong></span> <span class='ocrx_word' id='word_1_67' title='bbox 2157 885 2218 936; x_wconf 90' lang='lat' dir='ltr'><strong>et</strong></span> <span class='ocrx_word' id='word_1_68' title='bbox 2248 877 2356 936; x_wconf 85' lang='lat' dir='ltr'><strong>de·</strong></span> 
     </span>
     <span class='ocr_line' id='line_1_9' title="bbox 356 945 2354 1056; baseline -0.001 -35"><span class='ocrx_word' id='word_1_69' title='bbox 356 980 519 1022; x_wconf 86' lang='lat' dir='ltr'><strong>cuma</strong></span> <span class='ocrx_word' id='word_1_70' title='bbox 558 962 825 1038; x_wconf 81' lang='lat' dir='ltr'><strong>legiones</strong></span> <span class='ocrx_word' id='word_1_71' title='bbox 872 961 1147 1048; x_wconf 84' lang='lat' dir='ltr'><strong>priorque</strong></span> <span class='ocrx_word' id='word_1_72' title='bbox 1182 959 1384 1020; x_wconf 83' lang='lat' dir='ltr'><strong>Suriae</strong></span> <span class='ocrx_word' id='word_1_73' title='bbox 1415 945 1582 1018; x_wconf 84' lang='lat' dir='ltr'><strong>miles</strong></span> <span class='ocrx_word' id='word_1_74' title='bbox 1626 957 1776 1056; x_wconf 80' lang='lat' dir='ltr'><strong>apud</strong></span> <span class='ocrx_word' id='word_1_75' title='bbox 1808 957 2200 1020; x_wconf 85' lang='lat' dir='ltr'><strong>Corbulonem</strong></span> <span class='ocrx_word' id='word_1_76' title='bbox 2227 979 2354 1038; x_wconf 81' lang='lat' dir='ltr'><strong>ma·</strong></span> 
     </span>
     <span class='ocr_line' id='line_1_10' title="bbox 353 1043 2352 1121; baseline -0.002 -15"><span class='ocrx_word' id='word_1_77' title='bbox 353 1054 584 1112; x_wconf 85' lang='lat' dir='ltr'><strong>nerent,</strong></span> <span class='ocrx_word' id='word_1_78' title='bbox 620 1053 817 1105; x_wconf 89' lang='lat' dir='ltr'><strong>cetera</strong></span> <span class='ocrx_word' id='word_1_79' title='bbox 846 1062 917 1103; x_wconf 83' lang='lat' dir='ltr'><strong>ex</strong></span> <span class='ocrx_word' id='word_1_80' title='bbox 946 1061 1133 1102; x_wconf 86' lang='lat' dir='ltr'><strong>rerum</strong></span> <span class='ocrx_word' id='word_1_81' title='bbox 1165 1061 1269 1102; x_wconf 88' lang='lat' dir='ltr'><strong>usu</strong></span> <span class='ocrx_word' id='word_1_82' title='bbox 1297 1045 1588 1102; x_wconf 89' lang='lat' dir='ltr'><strong>sociarent</strong></span> <span class='ocrx_word' id='word_1_83' title='bbox 1619 1043 2056 1121; x_wconf 89' lang='lat' dir='ltr'><strong>partirenturve.</strong></span> <span class='ocrx_word' id='word_1_84' title='bbox 2107 1043 2213 1104; x_wconf 89' lang='lat' dir='ltr'><strong>sed</strong></span> <span class='ocrx_word' id='word_1_85' title='bbox 2245 1063 2352 1102; x_wconf 87' lang='lat' dir='ltr'><strong>ne-</strong></span> 
     </span>
     <span class='ocr_line' id='line_1_11' title="bbox 347 1126 2354 1211; baseline -0.003 -20.977"><span class='ocrx_word' id='word_1_86' title='bbox 347 1149 468 1211; x_wconf 90' lang='lat' dir='ltr'><strong>que</strong></span> <span class='ocrx_word' id='word_1_87' title='bbox 500 1128 757 1190; x_wconf 81' lang='lat' dir='ltr'><strong>Corbulo</strong></span> <span class='ocrx_word' id='word_1_88' title='bbox 782 1126 992 1188; x_wconf 84' lang='lat' dir='ltr'><strong>aemuli</strong></span> <span class='ocrx_word' id='word_1_89' title='bbox 1026 1129 1282 1204; x_wconf 90' lang='lat' dir='ltr'><strong>patiens,</strong></span> <span class='ocrx_word' id='word_1_90' title='bbox 1327 1135 1384 1185; x_wconf 90' lang='lat' dir='ltr'><strong>et</strong></span> <span class='ocrx_word' id='word_1_91' title='bbox 1409 1126 1651 1203; x_wconf 88' lang='lat' dir='ltr'><strong>Paetus,</strong></span> <span class='ocrx_word' id='word_1_92' title='bbox 1703 1129 1794 1185; x_wconf 92' lang='lat' dir='ltr'><strong>cui</strong></span> <span class='ocrx_word' id='word_1_93' title='bbox 1825 1129 1964 1187; x_wconf 87' lang='lat' dir='ltr'><strong>satis</strong></span> <span class='ocrx_word' id='word_1_94' title='bbox 1991 1127 2064 1187; x_wconf 88' lang='lat' dir='ltr'><strong>ad</strong></span> <span class='ocrx_word' id='word_1_95' title='bbox 2093 1127 2354 1204; x_wconf 85' lang='lat' dir='ltr'><strong>gloriam</strong></span> 
     </span>
     <span class='ocr_line' id='line_1_12' title="bbox 358 1209 2352 1292; baseline -0.002 -18"><span class='ocrx_word' id='word_1_96' title='bbox 358 1223 513 1290; x_wconf 86' lang='lat' dir='ltr'><strong>erat,</strong></span> <span class='ocrx_word' id='word_1_97' title='bbox 551 1215 598 1272; x_wconf 90' lang='lat' dir='ltr'><strong>si</strong></span> <span class='ocrx_word' id='word_1_98' title='bbox 630 1214 919 1292; x_wconf 87' lang='lat' dir='ltr'><strong>proximus</strong></span> <span class='ocrx_word' id='word_1_99' title='bbox 948 1210 1292 1287; x_wconf 79' lang='lat' dir='ltr'><strong>haberetur,</strong></span> <span class='ocrx_word' id='word_1_100' title='bbox 1329 1209 1690 1288; x_wconf 83' lang='lat' dir='ltr'><strong>despiciebat</strong></span> <span class='ocrx_word' id='word_1_101' title='bbox 1730 1219 1929 1288; x_wconf 88' lang='lat' dir='ltr'><strong>gesta,</strong></span> <span class='ocrx_word' id='word_1_102' title='bbox 1975 1211 2113 1270; x_wconf 89' lang='lat' dir='ltr'><strong>nihil</strong></span> <span class='ocrx_word' id='word_1_103' title='bbox 2147 1211 2352 1271; x_wconf 80' lang='lat' dir='ltr'><strong>caedis</strong></span> 
     </span>
     <span class='ocr_line' id='line_1_13' title="bbox 286 1293 2354 1394; baseline 0.001 -42"><span class='ocrx_word' id='word_1_104' title='bbox 286 1313 338 1353; x_wconf 84' lang='lat'><strong>20</strong></span> <span class='ocrx_word' id='word_1_105' title='bbox 360 1307 453 1358; x_wconf 90' lang='lat' dir='ltr'><strong>aut</strong></span> <span class='ocrx_word' id='word_1_106' title='bbox 485 1297 763 1376; x_wconf 83' lang='lat' dir='ltr'><strong>praedae,</strong></span> <span class='ocrx_word' id='word_1_107' title='bbox 808 1305 1109 1373; x_wconf 86' lang='lat' dir='ltr'><strong>usurpatas</strong></span> <span class='ocrx_word' id='word_1_108' title='bbox 1152 1296 1382 1355; x_wconf 89' lang='lat' dir='ltr'><strong>nomine</strong></span> <span class='ocrx_word' id='word_1_109' title='bbox 1415 1304 1581 1354; x_wconf 87' lang='lat' dir='ltr'><strong>tenus</strong></span> <span class='ocrx_word' id='word_1_110' title='bbox 1623 1293 1845 1353; x_wconf 87' lang='lat' dir='ltr'><strong>urbium</strong></span> <span class='ocrx_word' id='word_1_111' title='bbox 1875 1297 2354 1394; x_wconf 78' lang='lat' dir='ltr'><strong>expugnationes</strong></span> 
     </span>
     <span class='ocr_line' id='line_1_14' title="bbox 360 1378 2349 1488; baseline -0.002 -48"><span class='ocrx_word' id='word_1_112' title='bbox 360 1382 653 1440; x_wconf 85' lang='lat' dir='ltr'><strong>dictitans:</strong></span> <span class='ocrx_word' id='word_1_113' title='bbox 700 1398 763 1438; x_wconf 90' lang='lat' dir='ltr'><strong>se</strong></span> <span class='ocrx_word' id='word_1_114' title='bbox 798 1378 1000 1438; x_wconf 87' lang='lat' dir='ltr'><strong>tributa</strong></span> <span class='ocrx_word' id='word_1_115' title='bbox 1046 1397 1115 1440; x_wconf 89' lang='lat' dir='ltr'><strong>ac</strong></span> <span class='ocrx_word' id='word_1_116' title='bbox 1148 1379 1316 1456; x_wconf 88' lang='lat' dir='ltr'><strong>leges</strong></span> <span class='ocrx_word' id='word_1_117' title='bbox 1365 1387 1424 1438; x_wconf 89' lang='lat' dir='ltr'><strong>et</strong></span> <span class='ocrx_word' id='word_1_118' title='bbox 1467 1396 1576 1458; x_wconf 88' lang='lat' dir='ltr'><strong>pro</strong></span> <span class='ocrx_word' id='word_1_119' title='bbox 1608 1378 1806 1488; x_wconf 86' lang='lat' dir='ltr'><strong>umbra</strong></span> <span class='ocrx_word' id='word_1_120' title='bbox 1835 1381 1996 1456; x_wconf 85' lang='lat' dir='ltr'><strong>regis</strong></span> <span class='ocrx_word' id='word_1_121' title='bbox 2027 1379 2349 1439; x_wconf 88' lang='lat' dir='ltr'><strong>Romanum</strong></span> 
     </span>
     <span class='ocr_line' id='line_1_15' title="bbox 306 1463 1078 1540; baseline -0.004 -16.778"><span class='ocrx_word' id='word_1_122' title='bbox 306 1467 443 1524; x_wconf 88' lang='lat' dir='ltr'><strong>ius</strong></span> <span class='ocrx_word' id='word_1_123' title='bbox 474 1466 643 1524; x_wconf 88' lang='lat' dir='ltr'><strong>victis</strong></span> <span class='ocrx_word' id='word_1_124' title='bbox 670 1463 1078 1540; x_wconf 88' lang='lat' dir='ltr'><strong>impositurum.</strong></span> 
     </span>
     <span class='ocr_line' id='line_1_16' title="bbox 268 1545 2344 1644; baseline 0 -38"><span class='ocrx_word' id='word_1_125' title='bbox 268 1621 275 1628; x_wconf 66' lang='lat'>,</span> <span class='ocrx_word' id='word_1_126' title='bbox 484 1549 540 1606; x_wconf 89' lang='lat'><strong>7.</strong></span> <span class='ocrx_word' id='word_1_127' title='bbox 591 1546 705 1604; x_wconf 88' lang='lat' dir='ltr'><strong>Sub</strong></span> <span class='ocrx_word' id='word_1_128' title='bbox 744 1545 891 1605; x_wconf 90' lang='lat' dir='ltr'><strong>idem</strong></span> <span class='ocrx_word' id='word_1_129' title='bbox 932 1554 1157 1644; x_wconf 80' lang='lat' dir='ltr'><strong>tempus</strong></span> <span class='ocrx_word' id='word_1_130' title='bbox 1198 1546 1379 1622; x_wconf 92' lang='lat' dir='ltr'><strong>legati</strong></span> <span class='ocrx_word' id='word_1_131' title='bbox 1423 1546 1775 1623; x_wconf 90' lang='lat' dir='ltr'><strong>Vologesis,</strong></span> <span class='ocrx_word' id='word_1_132' title='bbox 1821 1559 1969 1625; x_wconf 87' lang='lat' dir='ltr'><strong>quos</strong></span> <span class='ocrx_word' id='word_1_133' title='bbox 2015 1546 2087 1606; x_wconf 88' lang='lat' dir='ltr'><strong>ad</strong></span> <span class='ocrx_word' id='word_1_134' title='bbox 2133 1548 2344 1626; x_wconf 89' lang='lat' dir='ltr'><strong>princi·</strong></span> 
     </span>
     <span class='ocr_line' id='line_1_17' title="bbox 357 1591 2348 1711; baseline -0.001 -21"><span class='ocrx_word' id='word_1_135' title='bbox 357 1642 507 1711; x_wconf 90' lang='lat' dir='ltr'><strong>pem</strong></span> <span class='ocrx_word' id='word_1_136' title='bbox 524 1631 730 1688; x_wconf 88' lang='lat' dir='ltr'><strong>missos</strong></span> <span class='ocrx_word' id='word_1_137' title='bbox 772 1631 1117 1705; x_wconf 86' lang='lat' dir='ltr'><strong>memoravi,</strong></span> <span class='ocrx_word' id='word_1_138' title='bbox 1158 1638 1458 1706; x_wconf 82' lang='lat' dir='ltr'><strong>revertere</strong></span> <span class='ocrx_word' id='word_1_139' title='bbox 1491 1631 1640 1689; x_wconf 88' lang='lat' dir='ltr'><strong>inriti</strong></span> <span class='ocrx_word' id='word_1_140' title='bbox 1682 1591 2010 1708; x_wconf 80' lang='lat' dir='ltr'><strong>bellumque</strong></span> <span class='ocrx_word' id='word_1_141' title='bbox 2041 1631 2348 1710; x_wconf 85' lang='lat' dir='ltr'><strong>propalam</strong></span> 
     </span>
     <span class='ocr_line' id='line_1_18' title="bbox 251 1712 2343 1792; baseline -0.001 -16"><span class='ocrx_word' id='word_1_142' title='bbox 251 1768 259 1776; x_wconf 92' lang='lat'><strong>.</strong></span> <span class='ocrx_word' id='word_1_143' title='bbox 358 1723 635 1792; x_wconf 84' lang='lat' dir='ltr'><strong>sumptum</strong></span> <span class='ocrx_word' id='word_1_144' title='bbox 680 1731 710 1772; x_wconf 91' lang='lat' dir='ltr'><strong>a</strong></span> <span class='ocrx_word' id='word_1_145' title='bbox 740 1712 999 1773; x_wconf 87' lang='lat' dir='ltr'><strong>Parthis.</strong></span> <span class='ocrx_word' id='word_1_146' title='bbox 1045 1731 1155 1772; x_wconf 87' lang='lat' dir='ltr'><strong>nec</strong></span> <span class='ocrx_word' id='word_1_147' title='bbox 1195 1713 1404 1772; x_wconf 88' lang='lat' dir='ltr'><strong>Paetus</strong></span> <span class='ocrx_word' id='word_1_148' title='bbox 1438 1713 1814 1790; x_wconf 82' lang='lat' dir='ltr'><strong>detrectavit,</strong></span> <span class='ocrx_word' id='word_1_149' title='bbox 1863 1714 1965 1774; x_wconf 88' lang='lat' dir='ltr'><strong>sed</strong></span> <span class='ocrx_word' id='word_1_150' title='bbox 2007 1713 2231 1774; x_wconf 87' lang='lat' dir='ltr'><strong>duabus</strong></span> <span class='ocrx_word' id='word_1_151' title='bbox 2263 1715 2343 1774; x_wconf 90' lang='lat' dir='ltr'><strong>le·</strong></span> 
     </span>
     <span class='ocr_line' id='line_1_19' title="bbox 354 1792 2344 1878; baseline -0.001 -19"><span class='ocrx_word' id='word_1_152' title='bbox 354 1797 638 1875; x_wconf 88' lang='lat' dir='ltr'><strong>gionibus,</strong></span> <span class='ocrx_word' id='word_1_153' title='bbox 674 1815 909 1878; x_wconf 88' lang='lat' dir='ltr'><strong>quarum</strong></span> <span class='ocrx_word' id='word_1_154' title='bbox 938 1807 1196 1876; x_wconf 85' lang='lat' dir='ltr'><strong>quartam</strong></span> <span class='ocrx_word' id='word_1_155' title='bbox 1216 1795 1596 1857; x_wconf 84' lang='lat' dir='ltr'><strong>Funisulanus</strong></span> <span class='ocrx_word' id='word_1_156' title='bbox 1619 1792 1996 1859; x_wconf 85' lang='lat' dir='ltr'><strong>Vettonianus</strong></span> <span class='ocrx_word' id='word_1_157' title='bbox 2023 1816 2096 1858; x_wconf 91' lang='lat' dir='ltr'><strong>eo</strong></span> <span class='ocrx_word' id='word_1_158' title='bbox 2119 1801 2178 1857; x_wconf 90' lang='lat' dir='ltr'><strong>in</strong></span> <span class='ocrx_word' id='word_1_159' title='bbox 2201 1807 2344 1858; x_wconf 87' lang='lat' dir='ltr'><strong>tem·</strong></span> 
     </span>
     <span class='ocr_line' id='line_1_20' title="bbox 310 1880 2344 1962; baseline 0 -23"><span class='ocrx_word' id='word_1_160' title='bbox 310 1900 523 1962; x_wconf 69' lang='lat' dir='ltr'><strong>apere,</strong></span> <span class='ocrx_word' id='word_1_161' title='bbox 560 1881 966 1942; x_wconf 76' lang='lat' dir='ltr'><strong>duodecumam</strong></span> <span class='ocrx_word' id='word_1_162' title='bbox 992 1880 1262 1942; x_wconf 80' lang='lat' dir='ltr'><strong>Calavius</strong></span> <span class='ocrx_word' id='word_1_163' title='bbox 1291 1880 1534 1940; x_wconf 88' lang='lat' dir='ltr'><strong>Sabinus</strong></span> <span class='ocrx_word' id='word_1_164' title='bbox 1558 1882 1862 1959; x_wconf 86' lang='lat' dir='ltr'><strong>regebant,</strong></span> <span class='ocrx_word' id='word_1_165' title='bbox 1891 1882 2222 1942; x_wconf 85' lang='lat' dir='ltr'><strong>Armeniam</strong></span> <span class='ocrx_word' id='word_1_166' title='bbox 2261 1883 2344 1941; x_wconf 89' lang='lat' dir='ltr'><strong>in-</strong></span> 
     </span>
     <span class='ocr_line' id='line_1_21' title="bbox 356 1965 2344 2047; baseline -0.001 -20"><span class='ocrx_word' id='word_1_167' title='bbox 356 1975 465 2027; x_wconf 89' lang='lat' dir='ltr'><strong>trat</strong></span> <span class='ocrx_word' id='word_1_168' title='bbox 495 1967 639 2027; x_wconf 90' lang='lat' dir='ltr'><strong>tristi</strong></span> <span class='ocrx_word' id='word_1_169' title='bbox 667 1967 874 2027; x_wconf 89' lang='lat' dir='ltr'><strong>omine.</strong></span> <span class='ocrx_word' id='word_1_170' title='bbox 931 1984 1058 2027; x_wconf 88' lang='lat' dir='ltr'><strong>nam</strong></span> <span class='ocrx_word' id='word_1_171' title='bbox 1095 1968 1150 2025; x_wconf 90' lang='lat' dir='ltr'><strong>in</strong></span> <span class='ocrx_word' id='word_1_172' title='bbox 1184 1975 1549 2043; x_wconf 86' lang='lat' dir='ltr'><strong>transgressu</strong></span> <span class='ocrx_word' id='word_1_173' title='bbox 1579 1965 1920 2047; x_wconf 86' lang='lat' dir='ltr'><strong>Euphratis,</strong></span> <span class='ocrx_word' id='word_1_174' title='bbox 1960 1985 2131 2046; x_wconf 87' lang='lat' dir='ltr'><strong>quem</strong></span> <span class='ocrx_word' id='word_1_175' title='bbox 2164 1974 2344 2044; x_wconf 86' lang='lat' dir='ltr'><strong>ponte</strong></span> 
     </span>
     <span class='ocr_line' id='line_1_22' title="bbox 354 2050 2344 2130; baseline -0.001 -18"><span class='ocrx_word' id='word_1_176' title='bbox 354 2051 755 2127; x_wconf 86' lang='lat' dir='ltr'><strong>tramittebant,</strong></span> <span class='ocrx_word' id='word_1_177' title='bbox 793 2052 946 2123; x_wconf 89' lang='lat' dir='ltr'><strong>nulla</strong></span> <span class='ocrx_word' id='word_1_178' title='bbox 979 2052 1165 2130; x_wconf 90' lang='lat' dir='ltr'><strong>palam</strong></span> <span class='ocrx_word' id='word_1_179' title='bbox 1198 2069 1369 2111; x_wconf 88' lang='lat' dir='ltr'><strong>causa</strong></span> <span class='ocrx_word' id='word_1_180' title='bbox 1398 2050 1655 2113; x_wconf 88' lang='lat' dir='ltr'><strong>turbatus</strong></span> <span class='ocrx_word' id='word_1_181' title='bbox 1690 2070 1906 2129; x_wconf 88' lang='lat' dir='ltr'><strong>equus,</strong></span> <span class='ocrx_word' id='word_1_182' title='bbox 1949 2053 2045 2129; x_wconf 86' lang='lat' dir='ltr'><strong>qui</strong></span> <span class='ocrx_word' id='word_1_183' title='bbox 2079 2051 2344 2111; x_wconf 87' lang='lat' dir='ltr'><strong>consula·</strong></span> 
     </span>
     <span class='ocr_line' id='line_1_23' title="bbox 346 2135 2342 2214; baseline -0.001 -19"><span class='ocrx_word' id='word_1_184' title='bbox 346 2138 435 2195; x_wconf 90' lang='lat' dir='ltr'><strong>ria</strong></span> <span class='ocrx_word' id='word_1_185' title='bbox 473 2136 719 2211; x_wconf 86' lang='lat' dir='ltr'><strong>insignia</strong></span> <span class='ocrx_word' id='word_1_186' title='bbox 760 2135 1049 2213; x_wconf 87' lang='lat' dir='ltr'><strong>gestabat,</strong></span> <span class='ocrx_word' id='word_1_187' title='bbox 1097 2146 1256 2195; x_wconf 92' lang='lat' dir='ltr'><strong>retro</strong></span> <span class='ocrx_word' id='word_1_188' title='bbox 1289 2137 1491 2197; x_wconf 89' lang='lat' dir='ltr'><strong>evasit.</strong></span> <span class='ocrx_word' id='word_1_189' title='bbox 1551 2135 1890 2214; x_wconf 89' lang='lat' dir='ltr'><strong>hostiaque,</strong></span> <span class='ocrx_word' id='word_1_190' title='bbox 1939 2154 2086 2213; x_wconf 89' lang='lat' dir='ltr'><strong>quae</strong></span> <span class='ocrx_word' id='word_1_191' title='bbox 2125 2137 2342 2198; x_wconf 87' lang='lat' dir='ltr'><strong>munie-</strong></span> 
     </span>
     <span class='ocr_line' id='line_1_24' title="bbox 353 2217 2344 2316; baseline 0 -39"><span class='ocrx_word' id='word_1_192' title='bbox 353 2221 552 2279; x_wconf 88' lang='lat' dir='ltr'><strong>bantur</strong></span> <span class='ocrx_word' id='word_1_193' title='bbox 580 2217 967 2280; x_wconf 89' lang='lat' dir='ltr'><strong>hibernaculis</strong></span> <span class='ocrx_word' id='word_1_194' title='bbox 998 2220 1314 2295; x_wconf 76' lang='lat' dir='ltr'><strong>adsistenS,</strong></span> <span class='ocrx_word' id='word_1_195' title='bbox 1355 2219 1655 2279; x_wconf 83' lang='lat' dir='ltr'><strong>semifacta</strong></span> <span class='ocrx_word' id='word_1_196' title='bbox 1696 2236 1880 2297; x_wconf 90' lang='lat' dir='ltr'><strong>opera</strong></span> <span class='ocrx_word' id='word_1_197' title='bbox 1909 2219 2046 2295; x_wconf 88' lang='lat' dir='ltr'><strong>fuga</strong></span> <span class='ocrx_word' id='word_1_198' title='bbox 2080 2221 2344 2316; x_wconf 86' lang='lat' dir='ltr'><strong>perrupit</strong></span> 
     </span>
     <span class='ocr_line' id='line_1_25' title="bbox 284 2300 2344 2387; baseline 0.001 -30"><span class='ocrx_word' id='word_1_199' title='bbox 284 2319 333 2359; x_wconf 92' lang='lat'><strong>10</strong></span> <span class='ocrx_word' id='word_1_200' title='bbox 352 2320 531 2380; x_wconf 89' lang='lat' dir='ltr'><strong>seque</strong></span> <span class='ocrx_word' id='word_1_201' title='bbox 561 2300 729 2362; x_wconf 89' lang='lat' dir='ltr'><strong>vallo</strong></span> <span class='ocrx_word' id='word_1_202' title='bbox 774 2304 996 2364; x_wconf 83' lang='lat' dir='ltr'><strong>extulit.</strong></span> <span class='ocrx_word' id='word_1_203' title='bbox 1064 2314 1121 2363; x_wconf 92' lang='lat' dir='ltr'><strong>et</strong></span> <span class='ocrx_word' id='word_1_204' title='bbox 1168 2303 1304 2387; x_wconf 89' lang='lat' dir='ltr'><strong>pila</strong></span> <span class='ocrx_word' id='word_1_205' title='bbox 1335 2303 1569 2363; x_wconf 89' lang='lat' dir='ltr'><strong>militum</strong></span> <span class='ocrx_word' id='word_1_206' title='bbox 1613 2322 1845 2380; x_wconf 88' lang='lat' dir='ltr'><strong>arsere,</strong></span> <span class='ocrx_word' id='word_1_207' title='bbox 1900 2304 2086 2379; x_wconf 87' lang='lat' dir='ltr'><strong>magis</strong></span> <span class='ocrx_word' id='word_1_208' title='bbox 2130 2304 2344 2379; x_wconf 84' lang='lat' dir='ltr'><strong>insigni</strong></span> 
     </span>
     <span class='ocr_line' id='line_1_26' title="bbox 353 2349 2102 2464; baseline 0.001 -19"><span class='ocrx_word' id='word_1_209' title='bbox 353 2386 637 2464; x_wconf 88' lang='lat' dir='ltr'><strong>prodigio,</strong></span> <span class='ocrx_word' id='word_1_210' title='bbox 670 2388 802 2464; x_wconf 91' lang='lat' dir='ltr'><strong>quia</strong></span> <span class='ocrx_word' id='word_1_211' title='bbox 831 2386 1072 2447; x_wconf 89' lang='lat' dir='ltr'><strong>Parthus</strong></span> <span class='ocrx_word' id='word_1_212' title='bbox 1102 2376 1304 2447; x_wconf 88' lang='lat' dir='ltr'><strong>hostis</strong></span> <span class='ocrx_word' id='word_1_213' title='bbox 1317 2386 1626 2447; x_wconf 89' lang='lat' dir='ltr'><strong>missilibus</strong></span> <span class='ocrx_word' id='word_1_214' title='bbox 1658 2375 1795 2447; x_wconf 85' lang='lat' dir='ltr'><strong>telis</strong></span> <span class='ocrx_word' id='word_1_215' title='bbox 1821 2349 2102 2446; x_wconf 87' lang='lat' dir='ltr'><strong>decertat.</strong></span> 
     </span>
    </p>

    <p class='ocr_par' dir='ltr' id='par_1_3' title="bbox 347 2468 2341 2803">
     <span class='ocr_line' id='line_1_27' title="bbox 476 2468 2341 2549; baseline -0.002 -18"><span class='ocrx_word' id='word_1_216' title='bbox 476 2468 553 2531; x_wconf 88' lang='grc'><strong>8..</strong></span> <span class='ocrx_word' id='word_1_217' title='bbox 575 2468 845 2529; x_wconf 88' lang='lat' dir='ltr'><strong>Ceterum</strong></span> <span class='ocrx_word' id='word_1_218' title='bbox 874 2472 1083 2531; x_wconf 88' lang='lat' dir='ltr'><strong>Paetus</strong></span> <span class='ocrx_word' id='word_1_219' title='bbox 1112 2474 1326 2549; x_wconf 86' lang='lat' dir='ltr'><strong>spretis</strong></span> <span class='ocrx_word' id='word_1_220' title='bbox 1362 2471 1664 2547; x_wconf 87' lang='lat' dir='ltr'><strong>ominibus,</strong></span> <span class='ocrx_word' id='word_1_221' title='bbox 1695 2471 1956 2537; x_wconf 87' lang='lat' dir='ltr'><strong>necdum</strong></span> <span class='ocrx_word' id='word_1_222' title='bbox 1973 2473 2116 2530; x_wconf 89' lang='lat' dir='ltr'><strong>satis</strong></span> <span class='ocrx_word' id='word_1_223' title='bbox 2153 2470 2341 2529; x_wconf 83' lang='lat' dir='ltr'><strong>firma·</strong></span> 
     </span>
     <span class='ocr_line' id='line_1_28' title="bbox 348 2553 2340 2633; baseline 0 -21"><span class='ocrx_word' id='word_1_224' title='bbox 348 2556 421 2613; x_wconf 82' lang='lat' dir='ltr'><strong>tis</strong></span> <span class='ocrx_word' id='word_1_225' title='bbox 449 2553 866 2632; x_wconf 74' lang='lat' dir='ltr'><strong>hibernaculiS,</strong></span> <span class='ocrx_word' id='word_1_226' title='bbox 913 2555 1071 2616; x_wconf 91' lang='lat' dir='ltr'><strong>nullo</strong></span> <span class='ocrx_word' id='word_1_227' title='bbox 1114 2558 1199 2615; x_wconf 89' lang='lat' dir='ltr'><strong>rei</strong></span> <span class='ocrx_word' id='word_1_228' title='bbox 1231 2556 1634 2615; x_wconf 80' lang='lat' dir='ltr'><strong>frumentariae</strong></span> <span class='ocrx_word' id='word_1_229' title='bbox 1669 2557 1939 2633; x_wconf 86' lang='lat' dir='ltr'><strong>provisu,</strong></span> <span class='ocrx_word' id='word_1_230' title='bbox 1986 2556 2140 2633; x_wconf 86' lang='lat' dir='ltr'><strong>rapit</strong></span> <span class='ocrx_word' id='word_1_231' title='bbox 2173 2572 2340 2613; x_wconf 83' lang='lat' dir='ltr'><strong>exer-</strong></span> 
     </span>
     <span class='ocr_line' id='line_1_29' title="bbox 352 2636 2338 2717; baseline -0.001 -20"><span class='ocrx_word' id='word_1_232' title='bbox 352 2640 520 2698; x_wconf 91' lang='lat' dir='ltr'><strong>citum</strong></span> <span class='ocrx_word' id='word_1_233' title='bbox 549 2648 707 2698; x_wconf 90' lang='lat' dir='ltr'><strong>trans</strong></span> <span class='ocrx_word' id='word_1_234' title='bbox 736 2648 985 2698; x_wconf 88' lang='lat' dir='ltr'><strong>montem</strong></span> <span class='ocrx_word' id='word_1_235' title='bbox 1016 2639 1260 2699; x_wconf 89' lang='lat' dir='ltr'><strong>Taurum</strong></span> <span class='ocrx_word' id='word_1_236' title='bbox 1290 2639 1714 2717; x_wconf 89' lang='lat' dir='ltr'><strong>reciperandis,</strong></span> <span class='ocrx_word' id='word_1_237' title='bbox 1747 2648 1808 2698; x_wconf 90' lang='lat' dir='ltr'><strong>ut</strong></span> <span class='ocrx_word' id='word_1_238' title='bbox 1834 2638 2090 2717; x_wconf 80' lang='lat' dir='ltr'><strong>ferebat,</strong></span> <span class='ocrx_word' id='word_1_239' title='bbox 2133 2636 2338 2714; x_wconf 85' lang='lat' dir='ltr'><strong>Tigra-</strong></span> 
     </span>
     <span class='ocr_line' id='line_1_30' title="bbox 347 2722 2341 2803; baseline -0.001 -22"><span class='ocrx_word' id='word_1_240' title='bbox 347 2723 603 2782; x_wconf 89' lang='lat' dir='ltr'><strong>nocertis</strong></span> <span class='ocrx_word' id='word_1_241' title='bbox 630 2723 1035 2803; x_wconf 88' lang='lat' dir='ltr'><strong>vastandisque</strong></span> <span class='ocrx_word' id='word_1_242' title='bbox 1056 2722 1424 2800; x_wconf 87' lang='lat' dir='ltr'><strong>regionibus,</strong></span> <span class='ocrx_word' id='word_1_243' title='bbox 1457 2741 1604 2800; x_wconf 85' lang='lat' dir='ltr'><strong>quas</strong></span> <span class='ocrx_word' id='word_1_244' title='bbox 1626 2722 1882 2783; x_wconf 88' lang='lat' dir='ltr'><strong>Corbulo</strong></span> <span class='ocrx_word' id='word_1_245' title='bbox 1911 2725 2172 2799; x_wconf 87' lang='lat' dir='ltr'><strong>integras</strong></span> <span class='ocrx_word' id='word_1_246' title='bbox 2205 2722 2341 2781; x_wconf 88' lang='lat' dir='ltr'><strong>omi-</strong></span> 
     </span>
    </p>

    <p class='ocr_par' dir='ltr' id='par_1_4' title="bbox 301 2806 2342 3225">
     <span class='ocr_line' id='line_1_31' title="bbox 301 2806 2340 2886; baseline -0.002 -19"><span class='ocrx_word' id='word_1_247' title='bbox 301 2828 325 2867; x_wconf 86' lang='lat'>5</span> <span class='ocrx_word' id='word_1_248' title='bbox 351 2808 541 2865; x_wconf 87' lang='lat' dir='ltr'><strong>sisset.</strong></span> <span class='ocrx_word' id='word_1_249' title='bbox 572 2815 631 2865; x_wconf 90' lang='lat' dir='ltr'><strong>et</strong></span> <span class='ocrx_word' id='word_1_250' title='bbox 655 2816 825 2885; x_wconf 89' lang='lat' dir='ltr'><strong>capta</strong></span> <span class='ocrx_word' id='word_1_251' title='bbox 848 2807 1127 2886; x_wconf 87' lang='lat' dir='ltr'><strong>quaedam</strong></span> <span class='ocrx_word' id='word_1_252' title='bbox 1160 2807 1422 2883; x_wconf 88' lang='lat' dir='ltr'><strong>castella,</strong></span> <span class='ocrx_word' id='word_1_253' title='bbox 1455 2807 1798 2886; x_wconf 87' lang='lat' dir='ltr'><strong>gloriaeque</strong></span> <span class='ocrx_word' id='word_1_254' title='bbox 1829 2817 1888 2866; x_wconf 92' lang='lat' dir='ltr'><strong>et</strong></span> <span class='ocrx_word' id='word_1_255' title='bbox 1918 2806 2172 2885; x_wconf 87' lang='lat' dir='ltr'><strong>praedae</strong></span> <span class='ocrx_word' id='word_1_256' title='bbox 2197 2823 2340 2865; x_wconf 89' lang='lat' dir='ltr'><strong>non·</strong></span> 
     </span>
     <span class='ocr_line' id='line_1_32' title="bbox 346 2890 2342 2969; baseline -0.001 -20"><span class='ocrx_word' id='word_1_257' title='bbox 346 2890 496 2963; x_wconf 60' lang='lat' dir='ltr'><strong>nihil,</strong></span> <span class='ocrx_word' id='word_1_258' title='bbox 514 2900 755 2969; x_wconf 87' lang='lat' dir='ltr'><strong>partum,</strong></span> <span class='ocrx_word' id='word_1_259' title='bbox 789 2893 837 2949; x_wconf 90' lang='lat' dir='ltr'><strong>si</strong></span> <span class='ocrx_word' id='word_1_260' title='bbox 871 2901 965 2952; x_wconf 90' lang='lat' dir='ltr'><strong>aut</strong></span> <span class='ocrx_word' id='word_1_261' title='bbox 994 2891 1238 2968; x_wconf 86' lang='lat' dir='ltr'><strong>gloriam</strong></span> <span class='ocrx_word' id='word_1_262' title='bbox 1271 2910 1398 2950; x_wconf 89' lang='lat' dir='ltr'><strong>cum</strong></span> <span class='ocrx_word' id='word_1_263' title='bbox 1429 2892 1604 2951; x_wconf 88' lang='lat' dir='ltr'><strong>modo</strong></span> <span class='ocrx_word' id='word_1_264' title='bbox 1633 2900 1727 2951; x_wconf 90' lang='lat' dir='ltr'><strong>aut</strong></span> <span class='ocrx_word' id='word_1_265' title='bbox 1746 2890 2018 2968; x_wconf 88' lang='lat' dir='ltr'><strong>praedam</strong></span> <span class='ocrx_word' id='word_1_266' title='bbox 2045 2907 2176 2949; x_wconf 91' lang='lat' dir='ltr'><strong>cum</strong></span> <span class='ocrx_word' id='word_1_267' title='bbox 2205 2906 2342 2948; x_wconf 87' lang='lat' dir='ltr'><strong>cura</strong></span> 
     </span>
     <span class='ocr_line' id='line_1_33' title="bbox 344 2972 2342 3053; baseline -0.002 -20"><span class='ocrx_word' id='word_1_268' title='bbox 344 2974 674 3033; x_wconf 61' lang='lat' dir='ltr'><strong>habuisset.</strong></span> <span class='ocrx_word' id='word_1_269' title='bbox 722 2975 1053 3053; x_wconf 86' lang='lat' dir='ltr'><strong>longinquis</strong></span> <span class='ocrx_word' id='word_1_270' title='bbox 1089 2974 1399 3051; x_wconf 59' lang='lat' dir='ltr'><strong>,itineribus</strong></span> <span class='ocrx_word' id='word_1_271' title='bbox 1446 2975 1841 3053; x_wconf 88' lang='lat' dir='ltr'><strong>percursando</strong></span> <span class='ocrx_word' id='word_1_272' title='bbox 1894 2972 2041 3053; x_wconf 87' lang='lat' dir='ltr'><strong>quae</strong></span> <span class='ocrx_word' id='word_1_273' title='bbox 2088 2972 2342 3032; x_wconf 85' lang='lat' dir='ltr'><strong>obtineri</strong></span> 
     </span>
     <span class='ocr_line' id='line_1_34' title="bbox 345 3058 2342 3138; baseline -0.001 -21"><span class='ocrx_word' id='word_1_274' title='bbox 345 3058 688 3137; x_wconf 89' lang='lat' dir='ltr'><strong>nequibant,</strong></span> <span class='ocrx_word' id='word_1_275' title='bbox 747 3068 1022 3137; x_wconf 81' lang='lat' dir='ltr'><strong>corrupto</strong></span> <span class='ocrx_word' id='word_1_276' title='bbox 1069 3062 1163 3138; x_wconf 89' lang='lat' dir='ltr'><strong>qui</strong></span> <span class='ocrx_word' id='word_1_277' title='bbox 1212 3069 1414 3138; x_wconf 90' lang='lat' dir='ltr'><strong>captus</strong></span> <span class='ocrx_word' id='word_1_278' title='bbox 1453 3068 1578 3118; x_wconf 90' lang='lat' dir='ltr'><strong>erat</strong></span> <span class='ocrx_word' id='word_1_279' title='bbox 1631 3068 1952 3120; x_wconf 88' lang='lat' dir='ltr'><strong>commeatu</strong></span> <span class='ocrx_word' id='word_1_280' title='bbox 1993 3066 2052 3117; x_wconf 90' lang='lat' dir='ltr'><strong>et</strong></span> <span class='ocrx_word' id='word_1_281' title='bbox 2092 3058 2342 3116; x_wconf 85' lang='lat' dir='ltr'><strong>instante</strong></span> 
     </span>
     <span class='ocr_line' id='line_1_35' title="bbox 344 3140 2339 3243; baseline -0.002 -41"><span class='ocrx_word' id='word_1_282' title='bbox 344 3146 453 3203; x_wconf 90' lang='lat' dir='ltr'><strong>iam</strong></span> <span class='ocrx_word' id='word_1_283' title='bbox 479 3144 696 3243; x_wconf 76' lang='lat' dir='ltr'><strong>hieme,</strong></span> <span class='ocrx_word' id='word_1_284' title='bbox 738 3142 967 3203; x_wconf 82' lang='lat' dir='ltr'><strong>reduxit</strong></span> <span class='ocrx_word' id='word_1_285' title='bbox 1002 3146 1319 3203; x_wconf 87' lang='lat' dir='ltr'><strong>exercitum</strong></span> <span class='ocrx_word' id='word_1_286' title='bbox 1356 3147 1779 3225; x_wconf 90' lang='lat' dir='ltr'><strong>conposuitque</strong></span> <span class='ocrx_word' id='word_1_287' title='bbox 1821 3142 1895 3203; x_wconf 90' lang='lat' dir='ltr'><strong>ad</strong></span> <span class='ocrx_word' id='word_1_288' title='bbox 1925 3141 2246 3205; x_wconf 81' lang='lat' dir='ltr'><strong>Caesarem</strong></span> <span class='ocrx_word' id='word_1_289' title='bbox 2275 3140 2339 3199; x_wconf 91' lang='lat' dir='ltr'><strong>li·</strong></span> 
     </span>
    </p>

    <p class='ocr_par' dir='ltr' id='par_1_5' title="bbox 278 3226 2299 3307">
     <span class='ocr_line' id='line_1_36' title="bbox 278 3226 2299 3307; baseline 0 -25"><span class='ocrx_word' id='word_1_290' title='bbox 278 3242 329 3283; x_wconf 81' lang='grc' dir='ltr'><strong>ιο</strong></span> <span class='ocrx_word' id='word_1_291' title='bbox 347 3237 502 3287; x_wconf 89' lang='lat' dir='ltr'><strong>teras</strong></span> <span class='ocrx_word' id='word_1_292' title='bbox 529 3230 689 3307; x_wconf 89' lang='lat' dir='ltr'><strong>quasi</strong></span> <span class='ocrx_word' id='word_1_293' title='bbox 721 3228 991 3288; x_wconf 86' lang='lat' dir='ltr'><strong>confecto</strong></span> <span class='ocrx_word' id='word_1_294' title='bbox 1025 3227 1202 3303; x_wconf 91' lang='lat' dir='ltr'><strong>bello,</strong></span> <span class='ocrx_word' id='word_1_295' title='bbox 1240 3226 1438 3286; x_wconf 88' lang='lat' dir='ltr'><strong>verbis</strong></span> <span class='ocrx_word' id='word_1_296' title='bbox 1468 3230 1809 3305; x_wconf 88' lang='lat' dir='ltr'><strong>magnificis,</strong></span> <span class='ocrx_word' id='word_1_297' title='bbox 1839 3244 2028 3287; x_wconf 89' lang='lat' dir='ltr'><strong>rerum</strong></span> <span class='ocrx_word' id='word_1_298' title='bbox 2057 3242 2299 3284; x_wconf 87' lang='lat' dir='ltr'><strong>vacuas.</strong></span> 
     </span>
    </p>

    <p class='ocr_par' dir='ltr' id='par_1_6' title="bbox 348 3310 2340 3555">
     <span class='ocr_line' id='line_1_37' title="bbox 472 3310 2340 3390; baseline -0.003 -19"><span class='ocrx_word' id='word_1_299' title='bbox 472 3312 531 3371; x_wconf 80' lang='lat'><strong>9.</strong></span> <span class='ocrx_word' id='word_1_300' title='bbox 570 3312 802 3372; x_wconf 88' lang='lat' dir='ltr'><strong>Interim</strong></span> <span class='ocrx_word' id='word_1_301' title='bbox 834 3310 1091 3372; x_wconf 80' lang='lat' dir='ltr'><strong>Corbulo</strong></span> <span class='ocrx_word' id='word_1_302' title='bbox 1123 3329 1425 3390; x_wconf 88' lang='lat' dir='ltr'><strong>numquam</strong></span> <span class='ocrx_word' id='word_1_303' title='bbox 1455 3312 1781 3388; x_wconf 85' lang='lat' dir='ltr'><strong>neglectam</strong></span> <span class='ocrx_word' id='word_1_304' title='bbox 1811 3310 2124 3389; x_wconf 87' lang='lat' dir='ltr'><strong>Euphratis</strong></span> <span class='ocrx_word' id='word_1_305' title='bbox 2152 3312 2340 3388; x_wconf 87' lang='lat' dir='ltr'><strong>ripam</strong></span> 
     </span>
     <span class='ocr_line' id='line_1_38' title="bbox 350 3386 2337 3474; baseline -0.004 -17"><span class='ocrx_word' id='word_1_306' title='bbox 350 3394 738 3457; x_wconf 76' lang='lat' dir='ltr'><strong>crebrioribus</strong></span> <span class='ocrx_word' id='word_1_307' title='bbox 770 3386 1073 3473; x_wconf 90' lang='lat' dir='ltr'><strong>praesidiis</strong></span> <span class='ocrx_word' id='word_1_308' title='bbox 1104 3396 1367 3464; x_wconf 43' lang='lat' dir='ltr'><strong>insedit?</strong></span> <span class='ocrx_word' id='word_1_309' title='bbox 1390 3404 1446 3453; x_wconf 90' lang='lat' dir='ltr'><strong>et</strong></span> <span class='ocrx_word' id='word_1_310' title='bbox 1484 3412 1558 3453; x_wconf 88' lang='lat' dir='ltr'><strong>ne</strong></span> <span class='ocrx_word' id='word_1_311' title='bbox 1588 3399 1750 3474; x_wconf 90' lang='lat' dir='ltr'><strong>ponti</strong></span> <span class='ocrx_word' id='word_1_312' title='bbox 1780 3392 2066 3455; x_wconf 88' lang='lat' dir='ltr'><strong>iniciendo</strong></span> <span class='ocrx_word' id='word_1_313' title='bbox 2097 3392 2337 3472; x_wconf 87' lang='lat' dir='ltr'><strong>impedi·</strong></span> 
     </span>
     <span class='ocr_line' id='line_1_39' title="bbox 348 3478 2337 3555; baseline 0 -22"><span class='ocrx_word' id='word_1_314' title='bbox 348 3486 593 3535; x_wconf 88' lang='lat' dir='ltr'><strong>mentum</strong></span> <span class='ocrx_word' id='word_1_315' title='bbox 620 3480 864 3539; x_wconf 88' lang='lat' dir='ltr'><strong>hostiles</strong></span> <span class='ocrx_word' id='word_1_316' title='bbox 894 3490 1113 3540; x_wconf 89' lang='lat' dir='ltr'><strong>turmae</strong></span> <span class='ocrx_word' id='word_1_317' title='bbox 1144 3479 1438 3538; x_wconf 83' lang='lat' dir='ltr'><strong>adferrent</strong></span> <span class='ocrx_word' id='word_1_318' title='bbox 1472 3479 1613 3555; x_wconf 90' lang='lat' dir='ltr'><strong>(iam</strong></span> <span class='ocrx_word' id='word_1_319' title='bbox 1645 3482 1793 3539; x_wconf 90' lang='lat' dir='ltr'><strong>enim</strong></span> <span class='ocrx_word' id='word_1_320' title='bbox 1815 3479 2088 3539; x_wconf 86' lang='lat' dir='ltr'><strong>subiectis</strong></span> <span class='ocrx_word' id='word_1_321' title='bbox 2115 3478 2337 3555; x_wconf 88' lang='lat' dir='ltr'><strong>campis</strong></span> 
     </span>
    </p>
   </div>
   <div class='ocr_carea' id='block_1_3' title="bbox 2463 763 2466 1592">
    <p class='ocr_par' dir='ltr' id='par_1_7' title="bbox 2463 763 2466 1592">
     <span class='ocr_line' id='line_1_40' title="bbox 2463 763 2466 1592; baseline 0 0"><span class='ocrx_word' id='word_1_322' title='bbox 2463 763 2466 1592; x_wconf 95' lang='lat' dir='ltr'><strong> </strong></span> 
     </span>
    </p>
   </div>
   <div class='ocr_carea' id='block_1_4' title="bbox 2461 1813 2469 3949">
    <p class='ocr_par' dir='ltr' id='par_1_8' title="bbox 2461 1813 2469 3949">
     <span class='ocr_line' id='line_1_41' title="bbox 2461 1813 2469 3949; baseline 0 0"><span class='ocrx_word' id='word_1_323' title='bbox 2461 1813 2469 3949; x_wconf 95' lang='lat' dir='ltr'><strong> </strong></span> 
     </span>
    </p>
   </div>
  </div>
 </body>
</html>
