2475 4000
661 229 1200 280 COMMENTARIUS
1246 233 1579 282 emmens·
1928 227 2127 284 XXXV
2146 231 2153 244 '

73 387 462 464 fiterentur);'
479 389 718 461 pecunia
763 395 1148 445 averterentur
1185 390 1238 444 R
1269 396 1319 444 el
1356 391 1441 461 W,
1483 411 1534 465 p.
1569 400 1905 451 mutarentur
1948 387 2125 452 Victo-

76 479 211 532 rius
247 469 256 551 Ι
297 482 363 533 18
393 465 752 544 tummidiun'i,
781 489 883 528 em.
909 473 1011 544 Re,
1045 479 1170 528 ante
1195 489 1350 544 quem
1376 475 1432 529 Τ.
1451 471 1771 533 Ummidium
1802 471 2129 558 leqebamrf

79 567 160 620 19
193 559 468 616 armeniae
506 558 662 612 foret

265 638 382 712 46,
435 646 468 702 7
511 641 797 712 cognita,
814 655 917 696 em.
949 641 996 696 L
1047 635 1057 716 Ι
1107 647 1142 700 8
1180 637 1485 699 commeatu
1524 639 1947 714 (commeatuum
1982 644 2125 722 al.,·)

83 745 215 784 cum
259 729 446 782 totiens
494 727 552 780 in
593 723 740 781 Med.
785 728 1190 781 terminationes
1235 725 1269 781 fi
1316 731 1371 780 et
1414 743 1479 782 us
1525 722 1619 799 (ut
1659 741 1706 781 c.
1736 733 1803 784 44
1840 729 1983 785 cultu
2012 746 2123 802 pro

84 811 300 886 cultus)
328 801 429 866 aui
467 827 500 865 e
541 815 594 863 et
631 825 694 864 es
723 809 992 880 confusae
1031 812 1167 878 sint,
1202 825 1299 881 eqo
1330 811 1514 865 malim
1556 815 1943 875 commeatus?
1969 831 2019 868 v.
2051 815 2127 870 ad

79 903 174 966 12,
191 903 274 954 20
313 889 324 968 Ι
361 894 668 954 &dubitare
692 895 858 950 armis
883 911 990 965 qua
1010 894 1328 951 incruentas
1368 888 1377 971 Ι
1413 899 1480 954 17
1496 895 1896 951 omissurosF:
1921 898 2119 952 ammis.

253 977 368 1048 47,
421 983 456 1036 4
497 978 758 1034 sacrificii
801 985 1047 1050 paratum
1091 978 1294 1050 Pfluyk
1338 974 1438 1050 (in
1481 978 1684 1034 Sched.
1731 982 1855 1034 crit.
1895 995 1957 1049 p·
1989 977 2123 1053 11)·

77 1062 423 1122 sacrificium
462 1062 784 1134 imperatum
829 1057 1193 1134 (sacrificium
1239 1064 1318 1128 A,
1368 1063 1699 1118 sacrificium
1735 1049 1843 1118 iam
1879 1068 2139 1136 paratum-

72 1151 166 1218 Η,
216 1147 528 1203 sacrilicum
555 1153 805 1218 paratum
838 1146 953 1211 Bz,
996 1152 1057 1200 ut
1087 1148 1331 1201 similiter
1358 1153 1422 1215 2,
1456 1151 1547 1205 69:
1594 1146 1921 1203 sacrificalis
1956 1163 2127 1218 appa·
2100 1153 2141 1206 -j

74 1227 282 1328 ratus)
325 1226 337 1308 Ι
387 1235 418 1290 7
456 1229 872 1302 perstringere,
910 1244 1011 1284 em.
1042 1229 1088 1282 L
1126 1224 1134 1307 Ι
1185 1237 1220 1290 8
1250 1247 1313 1285 se
1344 1230 1471 1284 add
1502 1230 1623 1290 JG:
1668 1246 1730 1284 sc
1760 1231 2023 1287 effuderit
2052 1230 2124 1301 R,

73 1316 318 1386 sanguis
347 1319 500 1370 artus
536 1319 816 1368 extremos
847 1313 971 1367 suff.
1011 1313 1074 1367 H
1103 1305 1114 1389 Ι
1151 1321 1184 1373 9
1216 1315 1538 1370 archanum:
1574 1319 1853 1370 aeternum
1884 1315 1975 1371 He
2010 1309 2022 1392 Ι
2061 1321 2126 1372 12

74 1399 422 1472 compedes,
457 1412 558 1452 em.
590 1397 636 1452 L
675 1391 684 1471 Ι
723 1403 790 1456 13
818 1413 944 1452 mox
984 1397 1142 1467 quia:
1180 1413 1417 1493 moxque
1448 1399 1553 1460 al.,·
1590 1401 1953 1458 simulatione
1986 1414 2127 1470 opus
2178 1413 2183 1432 ·

69 1488 173 1549 ait,
215 1485 406 1553 potius
442 1481 818 1536 scribendum.-
861 1496 990 1537 mox
1019 1482 1218 1552 vulgus
1250 1483 1376 1553 quia
1408 1488 1509 1538 etc.
1562 1476 1571 1556 Ι
1627 1487 1692 1540 14
1718 1489 1943 1540 e‘contra
1994 1477 2004 1561 Ι
2054 1489 2159 1554 20ι

73 1570 169 1624 ius
209 1565 430 1622 iurandi

257 1646 372 1719 48,
416 1655 452 1706 4
482 1665 639 1704 omne
676 1647 744 1705 L.-
781 1665 968 1706 omnes
1008 1641 1019 1727 Ι
1055 1656 1088 1709 9
1117 1650 1383 1721 depulsus
1416 1652 1562 1705 foret
1593 1650 1653 1704 N

254 1730 447 1804 49,1·
487 1734 708 1804 ignavia
737 1731 825 1789 M
819 1759 830 1771 ·
869 1734 1057 1804 ignaui
1111 1733 1117 1804 Ι
1168 1742 1202 1792 3
1233 1731 1467 1806 privatis
1502 1736 1632 1791 olim
1663 1733 2120 1792 conum-sationes

73 1825 310 1892 curaret
344 1820 528 1888 ὶιιοιεκ,
567 1833 670 1874 em.
700 1819 777 1880 L,
819 1834 940 1873 cum
985 1818 1188 1890 privati
1235 1818 1367 1873 olim
1406 1821 1865 1875 conversationes
1899 1825 2123 1874 curaret

73 1911 136 1958 et
165 1904 325 1959 iners
374 1897 487 1979 W!
525 1907 560 1960 4
587 1903 849 1974 Pelignus
885 1902 996 1957 ἀεῖ.-
1021 1903 1090 1955 F
1107 1901 1115 1974 Ι
1154 1908 1188 1961 9
1217 1906 1379 1957 aucto
1420 1896 1430 1978 Ι
1468 1907 1535 1958 14
1564 1903 1779 1956 rediret

252 1981 367 2058 50,
413 1994 449 2048 8
479 1989 826 2060 percellunt,
855 2000 956 2041 em.
991 1985 1043 2039 R
1083 1980 1091 2061 Ι
1135 1992 1199 2044 10
1230 2000 1537 2079 quanquam
1586 1977 1595 2058 Ι
1644 1976 1986 2053 bellaturae,
2018 2000 2122 2039 em.

184 2067 194 2150 Ι
251 2070 367 2142 51,
404 2078 440 2129 4
469 2074 710 2143 quatitur
743 2077 930 2125 uterus
962 2070 1027 2123 Η
1057 2066 1065 2147 Ι
1102 2077 1136 2129 9
1166 2069 1447 2125 acinacem
1472 2068 1591 2123 edd.
1634 2064 1642 2143 Ι
1684 2076 1745 2127 11
1782 2067 1850 2123 ad
1884 2067 2123 2124 Hiberos

73 2074 354 2230 pRatrium
367 2156 426 2208 in
465 2172 508 2209 r.
545 2156 633 2220 H,
677 2156 745 2211 ad
785 2153 1026 2209 Hiberos
1063 2153 1300 2225 patrium
1347 2169 1391 2206 r.
1426 2154 1547 2207 Bz:
1597 2152 1837 2208 Hiberos
1881 2153 1947 2207 ad
1987 2170 2042 2227 p.
2074 2168 2119 2207 r.

70 2241 334 2295 similiter
359 2238 555 2290 dicaam
585 2240 794 2293 videtur
810 2274 838 2301 ‚-
863 2243 928 2291 ut
953 2247 1018 2305 4,
1053 2242 1119 2296 67
1153 2236 1397 2307 Capreas
1441 2254 1503 2293 se
1539 2236 1595 2293 in
1624 2237 1859 2293 insulam
1889 2236 2122 2306 abdidit,

12 2382 15 2385 .
73 2326 144 2380 H.
171 2329 243 2391 4·
288 2325 358 2383 32
393 2320 592 2375 adlatis
623 2322 919 2377 Geldubam
951 2322 1006 2376 in
1039 2325 1220 2375 castra
1253 2320 1491 2390 nuntiis,
1531 2336 1634 2376 nec
1660 2321 1945 2376 verisimile
1974 2322 2123 2377 vide-

78 2414 172 2464 tur
209 2406 492 2469 Tacitum,
533 2405 640 2457 nisi
669 2404 847 2461 addito
886 2408 955 2462 ad
991 2424 1044 2478 p.
1079 2420 1340 2475 regnum,
1373 2406 1654 2461 dicturum
1680 2404 1857 2475 fuisse
1884 2404 2121 2459 Hiberos

80 2489 376 2564 pervadit,
429 2489 562 2559 quia
607 2490 806 2542 omissa
843 2491 1257 2561 praepositione
1288 2491 1585 2591 sententiae
1624 2489 1704 2543 vis
1740 2489 2075 2541 immutatur.
2110 2479 2121 2564 Ι

83 2582 150 2634 12
181 2573 372 2630 eluvie
407 2571 453 2629 G·
517 2579 524 2593 “

231 2653 373 2729 ’52
418 2663 454 2716 3
480 2656 646 2712 Vibia
677 2653 793 2709 He.-
827 2655 974 2713 uiuia
1012 2656 1021 2726 Ι
1059 2664 1091 2716 9
1124 2658 1283 2714 ltalia
1312 2657 1428 2712 Pu.-
1470 2656 1546 2712 ita

257 2738 371 2811 53,
417 2747 452 2800 3
479 2740 779 2813 prolapsa,
809 2753 911 2791 em.
941 2740 1002 2795 Η
1035 2732 1045 2817 Ι
1085 2749 1146 2801 11
1176 2758 1312 2797 aere
1340 2757 1443 2796 om.
1481 2742 1538 2795 in
1568 2740 1769 2793 lacuna

257 2822 367 2893 54,
411 2832 446 2884 3
485 2823 751 2897 patientia
812 2815 822 2898 Ι
878 2828 940 2880 4
961 2824 1010 2877 A
1056 2825 1311 2880 lacunam
1350 2832 1479 2895 post
1527 2824 1805 2880 seditione
1854 2820 2127 2884 indicavit,

87 2911 292 2964 rectius
325 2909 405 2964 He
431 2915 562 2979 post
591 2913 913 3003 postquam,
944 2924 1036 2978 qm
1066 2920 1140 2961 ea:
1164 2908 1307 2963 Hist.
1343 2915 1408 2977 5,
1437 2910 1471 2963 9
1501 2908 1795 2977 supplevit.-
1833 2911 2124 2977 postquam

92 2988 144 3065 [a
196 2992 256 3048 C.
307 2993 546 3049 Caesare
595 2990 733 3047 iussi
779 2997 938 3047 erant
981 2982 1224 3061 effigiem
1264 2993 1386 3048 eius
1430 2994 1489 3048 in
1530 2992 1735 3063 templo
1782 2991 2005 3051 locare:
2070 2992 2129 3041 et

91 3073 446 3151 quamquam]
493 3076 714 3148 cognita
753 3076 926 3132 caede
955 3080 1056 3129 etc.
1109 3073 1119 3142 Ι
1170 3080 1205 3133 8
1250 3076 1487 3132 Cumano
1528 3094 1632 3132 om.
1666 3077 1723 3129 in
1751 3075 1951 3129 lacuna
2002 3064 2011 3148 Ι
2060 3078 2127 3131 10

95 3162 428 3234 contemptuj
469 3154 480 3239 Ι
516 3166 583 3219 22
615 3160 1056 3231 damnatosque.
1092 3174 1398 3215 ‚cumanos

259 3242 374 3316 55,
427 3252 462 3303 2
505 3244 834 3300 Troxobore
875 3242 992 3313 He,
1033 3248 1094 3298 ut
1130 3244 1251 3298 eod.
1300 3260 1347 3297 v.
1400 3248 1466 3299 11
1506 3242 1666 3297 habet
1710 3235 1719 3317 Ι
1771 3249 1836 3300 10
1877 3187 2073 3297 flraude
2112 3234 2123 3319 Ι

260 3324 372 3399 56,
404 3334 440 3387 4
467 3334 616 3385 trans
656 3328 872 3384 Urlichs
901 3323 994 3401 (ut
1026 3328 1187 3383 estin
1221 3344 1365 3382 mon.
1398 3328 1606 3400 Ancyr.
1638 3326 1746 3381 tab.
1775 3331 1841 3395 4,
1870 3323 2001 3400 43).
2043 3324 2125 3382 cis

99 3405 277 3482 (circa
316 3413 371 3470 0.
417 3412 476 3468 T.
517 3408 737 3483 Zumpt,
779 3413 1022 3468 Tiberim
1053 3412 1204 3468 iuxta
1235 3412 1324 3467 Bz
1355 3413 1477 3467 coll.
1510 3416 1573 3481 2,
1623 3406 1759 3483 41),·
1810 3409 1889 3483 cf.
1920 3410 2125 3466 deloco

99 3497 254 3549 etiam
280 3498 345 3551 A.
388 3497 472 3553 W.
505 3495 703 3567 Zumpt
739 3497 814 3551 ad
850 3513 991 3551 mon.
1029 3497 1168 3552 Ano.
1197 3514 1257 3569 p.
1291 3500 1366 3552 77
1393 3512 1475 3568 sq.
1516 3492 1525 3573 Ι
1565 3503 1597 3555 5
1625 3501 1839 3550 centum
1870 3495 2124 3551 triremes

1635 3595 1666 3633 ο
1692 3574 1723 3611 *
