2475 4000
392 250 473 310 82
912 256 1241 304 CORNELII
1275 257 1510 304 TACITI
1533 257 1906 304 ANNALIUM

394 413 681 494 petendae
720 431 753 472 e
784 412 993 473 Pisone
1024 412 1258 472 ultionis
1290 421 1348 472 et
1377 411 1590 472 crebro
1621 419 1868 490 questu,
1919 410 2075 488 quod
2104 427 2278 486 vagus
2306 410 2375 466 iu-

396 499 561 556 terim
594 515 703 575 per
730 513 973 557 amoena
1005 495 1182 555 Asiae
1214 507 1388 574 atque
1422 494 1680 556 Achaiae
1709 494 2022 571 adroganti
2061 501 2119 552 et
2153 492 2372 552 subdola

349 609 373 647 5
397 598 555 640 mora
584 581 875 640 scelerum
904 579 1282 659 probationes
1315 579 1701 640 subverteret.
1787 595 1921 638 nam
1957 577 2244 654 vulgatum
2271 583 2374 634 erat

392 666 649 740 missam,
680 675 739 724 ut
768 665 913 738 dixi,
958 681 1007 723 a.
1037 661 1141 722 Cn.
1188 666 1390 724 Sentio
1432 663 1710 722 famosam
1751 662 2063 722 veneficiis
2107 659 2374 720 Martinam

394 748 577 808 subita
606 759 790 808 morte
826 747 1108 807 Brundisii
1138 751 1482 824 extinctam,
1517 764 1938 826 venenumque,
1961 745 2120 805 nodo
2165 744 2373 804 crinium

394 834 516 891 eius
558 834 939 908 occultatum,
1000 849 1109 892 uec
1170 833 1289 892 ulla
1343 833 1400 893 in
1459 847 1714 908 corpore
1761 831 1933 907 signa
1983 829 2188 905 sumpti
2238 826 2373 885 exitii

393 933 459 976 rc
506 925 649 977 erta.
1995 949 2002 956 ·

462 935 575 1058 p8.
620 1000 697 1060 At
743 1000 877 1059 Piso
923 1001 1246 1077 praemisso
1289 999 1346 1057 in
1387 999 1589 1058 urbem
1631 999 1750 1057 lilio
1803 998 2075 1075 datisque
2123 993 2378 1054 mandatis

394 1102 499 1162 per
530 1101 677 1161 quae
712 1081 1032 1162 principem
1065 1082 1320 1142 molliret
1355 1085 1425 1143 ad
1464 1083 1714 1142 Drusum
1748 1082 1986 1160 pergit,
2042 1096 2208 1158 quem
2243 1074 2370 1138 baud

393 1167 581 1226 fratris
615 1169 843 1227 interitu
888 1177 1107 1227 trucem
1154 1184 1320 1244 quam
1361 1176 1587 1226 remoto
1635 1166 1867 1225 aemulo
1910 1165 2239 1242 aequiorem
2277 1157 2370 1216 sibi

392 1250 686 1330 sperabat.
742 1249 1007 1310 Tiberius
1046 1267 1159 1328 quo
1194 1253 1475 1328 integrum
1511 1251 1776 1310 iudicium
1811 1255 2170 1322 ostentaret,
2220 1259 2366 1302 exce-

344 1359 368 1396 5
393 1345 546 1413 ptum
594 1335 834 1394 comiter
882 1336 1147 1422 iuvenem
1182 1344 1356 1394 sueta
1403 1353 1546 1410 erga
1587 1334 1739 1393 filios
1783 1333 2131 1394 familiarum
2169 1325 2372 1387 nobiles

394 1417 737 1478 liberalitate
768 1427 961 1494 auget.
1026 1417 1250 1476 Drusus
1280 1418 1510 1494 Pisoni„
1558 1419 1608 1476 si
1633 1435 1775 1476 vera
1817 1417 2018 1476 forent
2060 1431 2202 1492 quae
2232 1412 2366 1468 iacc-

391 1509 622 1573 rentur,
672 1503 1043 1578 praecipuum
1086 1501 1142 1558 in
1180 1500 1388 1562 dolore
1441 1519 1602 1560 suum
1647 1501 1841 1561 locum
1891 1498 2220 1578 respondit:
2277 1489 2364 1550 sed

390 1585 564 1643 malle
594 1584 741 1644 falsa
772 1593 831 1642 et
862 1586 1047 1642 inania
1076 1599 1189 1643 nec
1222 1579 1500 1664 =cuiquam
1539 1594 1784 1644 mortem
1819 1582 2146 1646 Germanici
2188 1576 2366 1638 exitio-

394 1687 513 1728 sam
545 1686 698 1727 esse.
762 1667 909 1727 baec
934 1668 1215 1744 palamaet
1255 1670 1436 1728 vitato
1485 1671 1637 1729 omni
1687 1679 1964 1738 secreto;
2005 1682 2191 1743 neque
2227 1658 2366 1720 dubi-

322 1751 658 1810 10tabantu1·
687 1753 1053 1830 praescripta
1084 1752 1147 1832 ei,
1172 1769 1204 1810 a
1235 1750 1502 1827 Tiberio,
1550 1771 1678 1812 cum
1721 1751 2034 1813 incallidus
2077 1745 2277 1824 alioqui
2315 1748 2364 1798 et

388 1835 578 1897 facilis
608 1837 835 1895 iuventa
870 1835 1149 1895 senilibus
1186 1841 1300 1894 tum
1327 1835 1546 1896 artibus
1575 1845 1860 1896 uteretur.
2426 1901 2427 1914 ἢ

518 1918 579 1980 9.
623 1920 755 1978 Piso
792 1918 1119 1979 Delmatico
1156 1921 1298 1978 mari
1327 1923 1594 1980 tramisso
1634 1920 1981 1999 relictisque
2023 1915 2170 1996 apud
2195 1913 2362 1972 Anco·
2425 1921 2427 1964 4

390 2022 515 2063 nam
546 2004 928 2083 navibus=per
956 2004 1227 2064 Picenum
1259 2023 1328 2065 ac
1357 2024 1494 2065 mox
1523 2004 1860 2066 Flaminiam
1889 2004 2041 2063 viam
2064 1995 2364 2074 adsequitur

391 2088 704 2164 legionem,
735 2106 883 2166 quae
917 2107 951 2148 e
985 2088 1275 2148 Pannonia
1302 2092 1358 2148 in
1385 2089 1621 2161 urbem,
1653 2088 1786 2147 dein
1813 2087 2111 2167 praesidio
2153 2080 2360 2141 Africae

392 2170 741 2251 ducebatur:
776 2189 965 2250 eaque
993 2190 1091 2231 res
1122 2175 1334 2249 agitata
1363 2171 1714 2249 rumoribuS,
1757 2182 1819 2231 ut
1852 2174 1910 2231 in
1955 2169 2173 2247 agmine
2212 2172 2360 2239 atque
2424 2194 2425 2197 κ

346 2278 369 2317 5
396 2254 599 2313 itinere
633 2254 841 2314 crebro
870 2274 937 2337 se
970 2256 1246 2315 militibus
1279 2257 1704 2316 ostentavisset.
1761 2256 1834 2315 ab
1861 2256 2096 2329 Narnia,
2128 2245 2358 2309 vitandae
2423 2266 2425 2336 ἶ

394 2338 744 2415 suspitionis
757 2357 828 2398 an
859 2340 991 2418 quia
1021 2340 1248 2418 pavidis
1279 2341 1520 2401 consilia
1565 2342 1623 2399 in
1655 2342 1882 2399 incerto
1917 2347 2076 2412 sunt,
2125 2332 2261 2393 Nare
2298 2341 2356 2382 ac

389 2439 525 2480 mox
573 2421 769 2482 Tiberi
814 2424 1294 2483 devectus-auxit
1335 2424 1495 2500 vulgi
1539 2424 1686 2500 iras,
1746 2425 1878 2501 quia
1929 2438 2133 2481 navem
2171 2408 2354 2475 tumulo

393 2503 705 2565 Caesarum
736 2506 1043 2585 adpulerat
1072 2508 1284 2584 dieque
1321 2516 1378 2565 et
1424 2509 1548 2584 ripa
1586 2507 1915 2586 frequenti,
1959 2519 2162 2581 magno
2203 2496 2355 2556 clien-

392 2589 527 2647 tium
554 2592 779 2667 agmine
802 2593 959 2670 ᾕρεε,
990 2590 1327 2649 feminarum
1361 2592 1630 2651 comitatu
1661 2591 1934 2652 Plancina
1977 2600 2033 2651 et
2075 2585 2224 2647 vultu
2254 2577 2352 2637 ala-

322 2687 372 2728 10
395 2670 527 2731 cres
566 2674 884 2735 incessere.
956 2674 1060 2733 fuit
1107 2674 1259 2731 inter
1305 2674 1663 2734 inritamenta
1705 2676 1958 2735 invidiae
2013 2675 2204 2733 domus
2240 2663 2352 2721 foro

390 2756 669 2817 inminens
702 2758 853 2817 festa
890 2765 1095 2816 ornatu
1130 2758 1569 2836 conviviumque
1603 2768 1660 2817 et
1697 2759 1910 2837 epulae
1953 2768 2016 2817 et
2045 2747 2352 2817 celebritate

391 2839 505 2899 loci
534 2839 674 2900 nibil
702 2841 1013 2900 occultum.
1967 2877 1976 2887 .

241 2996 249 3011 1
515 2926 612 2987 10.
660 2924 901 2985 Postera
946 2924 1039 2984 die
1089 2921 1380 2983 Fulcinius
1427 2924 1560 2985 Trio
1605 2924 1870 2985 Pisonem
1910 2925 2062 3004 apud
2112 2910 2356 3003 consules

277 3046 297 3059 x
389 3008 719 3085 postulavit.
784 3017 984 3067 contra
1027 3006 1297 3067 Vitellius
1339 3026 1408 3070 ac
1447 3008 1732 3069 Veranius
1763 3012 2062 3087 ceterique
2091 3003 2355 3065 Germflffl·
2420 3045 2421 3068 η

392 3109 519 3150 cum
549 3090 801 3151 comitati
828 3090 1175 3168 tendebant,
1208 3092 1396 3153 nullas
1431 3110 1566 3153 esse
1597 3094 1782 3171 partis
1819 3094 2038 3159 Trioni3
2083 3098 2258 3161 neque
2291 3090 2354 3173 ξς

390 3184 797 3251 accusatores,
842 3175 947 3235 sed
983 3192 1177 3235 rerum
1206 3177 1430 3237 indices
1465 3187 1522 3237 et
1551 3187 1736 3237 testes
1765 3178 2028 3239 mandata
2059 3172 2352 3234 Germanici

343 3259 740 3335 sperlaturos.
811 3259 912 3320 ille
957 3259 1187 3321 dimissa
1231 3263 1355 3321 eius
1403 3278 1615 3321 causae
1659 3261 1988 3335 delatione,
2031 3266 2090 3316 ut
2125 3251 2348 3331 priorem

391 3344 561 3402 vitam
592 3352 896 3403 accusaret
925 3342 1197 3420 obtinuit,
1241 3346 1596 3423 petitumque
1630 3354 1716 3404 est
1745 3363 1776 3405 a
1806 3346 2065 3425 principe
2095 3328 2351 3419 00ςηίῑὶοζ
2418 3385 2419 3436 1

343 3442 353 3453 ·
388 3441 519 3485 nem
538 3427 868 3504 exciperet.
924 3428 1079 3507 quod
1111 3446 1183 3489 ne
1218 3447 1355 3488 reus
1380 3430 1608 3507 quidem
1631 3429 1938 3507 abnuebat,
1971 3425 2150 3487 studia
2173 3406 2351 3511 populi·

386 3515 447 3567 et
486 3518 710 3586 patrum
749 3520 1043 3589 metuens:
1098 3522 1296 3573 contra
1337 3511 2010 3592 Tiberiumsspernendis
2055 3494 2356 3569 rumonhus
