2475 4000
376 159 601 246 xxxxv
664 207 675 220 ·
952 191 1492 245 couMENTAums
1525 189 1860 240 emmens.

378 350 622 428 dione)
643 347 653 430 Ι
713 359 779 413 12
824 369 856 410 e
900 296 1195 450 manipulis
1236 353 1314 408 L.-
1374 329 1682 423 manipulus
1720 348 2112 426 (manipularis
2154 348 2237 427 P)
2291 345 2304 430 Ι
2362 360 2463 414 13

378 446 605 496 nostros
633 438 751 500 Pu:
784 454 889 494 nos
919 439 1077 510 ipsos
2462 485 2463 512 Ι

546 518 733 591 39,1
783 523 1075 594 exposuit,
1116 535 1216 576 em.
1253 515 1319 576 L
1353 511 1362 598 Ι
1411 525 1444 576 2
1473 518 1746 575 sistebant
1780 520 1856 576 al.
1908 511 1919 597 Ι
1978 524 2014 578 4
2042 519 2245 577 dehinc
2274 525 2426 577 coni.
2461 537 2464 582 Ι

378 609 591 662 amicus
618 611 833 667 nostem
874 613 935 662 at
959 613 1040 661 est
1073 596 1203 661 liine
1233 603 1534 676 temporale
1560 605 1718 658 etiam
1756 607 1824 673 3,
1866 606 1953 659 13.
1981 606 2078 660 61.
2122 605 2260 676 Ayr.
2302 611 2382 661 14
2409 600 2424 702 Ι
2461 663 2463 686 Ι

377 697 411 751 6
440 688 701 763 prouisa,
731 705 831 744 em.
857 688 905 744 L
942 683 951 765 Ι
991 693 1023 748 7
1056 706 1121 746 uc
1148 690 1276 744 incl.
1310 689 1401 744 He
1428 693 1652 742 auctore
1681 685 2084 744 Freinsheimio
2121 682 2132 765 Ι
2171 695 2206 748 9
2238 691 2426 746 excisi
2462 693 2463 766 Ι

378 781 467 843 ιιι,
509 789 607 828 em.
644 773 762 839 Fa,
814 775 925 828 nisi
961 773 1170 828 excissi
1214 778 1308 828 aut
1343 770 1691 827 scribendum
1719 779 1800 826 est
1829 766 1984 845 (item
2011 778 2076 841 3,
2104 777 2174 832 28
2205 772 2423 830 excissi

377 849 617 932 εῑιῖιιιιε),
646 873 773 912 cum
810 857 945 918 illud
980 863 1183 912 certum
1226 855 1298 910 sit
1323 857 1684 927 participium
1717 855 1796 910 &d
1839 855 2142 912 excindere
2171 859 2290 914 sive
2322 875 2424 913 ex-
2462 865 2463 908 ἶ

378 937 639 1010 scindere
664 943 968 1012 pertinere.
1022 933 1033 1017 Ι
1087 948 1151 1000 13
1192 940 1542 996 defectiones
1577 932 1844 1016 pr.m.1
1903 945 1968 1000 14
1995 936 2110 996 uiti
2161 937 2171 1012 Ι
2222 949 2292 1001 15
2325 943 2425 999 ad-

378 1025 767 1098 sumpsisset

463 1098 474 1122 ¹
546 1107 661 1178 40,
705 1114 741 1168 4
783 1114 942 1166 aucta
974 1124 1150 1179 aeque
1190 1109 1277 1164 H.-
1317 1115 1586 1180 auctaque
1617 1113 1677 1163 et
1707 1105 2008 1184 (auctaque
2051 1115 2140 1164 est
2181 1109 2271 1172 N;
2306 1114 2463 1182 ipse
2462 1129 2463 1136 ¹

369 1197 535 1265 prius
574 1193 732 1264 infra
774 1199 939 1264 atque
980 1192 1079 1247 illo
1109 1207 1185 1248 eoe
1210 1209 1398 1266 neque
1432 1192 1537 1249 illo
1563 1197 1742 1248 orcum
1771 1207 1892 1248 esse
1917 1190 2300 1266 coniecerant)
2343 1190 2354 1272 Ι
2391 1195 2463 1280 5Ι

377 1278 507 1332 illo:
534 1277 731 1346 ipsoE
763 1272 773 1352 Ι
811 1283 845 1336 6
869 1275 1290 1348 compositisL:
1307 1276 1636 1371 compositi,
1637 1276 1823 1347 quod‘
1827 1275 1981 1332 haud
1997 1280 2110 1334 scio
2127 1295 2204 1334 an
2224 1269 2463 1350 feren-

378 1361 510 1414 dum
536 1361 607 1412 sit
618 1368 855 1431 propter
877 1361 940 1414 id
966 1360 1116 1432 quod
1138 1364 1382 1434 sequitur
1404 1361 1454 1416 si
1485 1359 1854 1416 durauissent.
1897 1353 1906 1438 Ι
1946 1368 2016 1420 10
2044 1377 2074 1416 e
2097 1363 2422 1432 Brigantum
2461 1391 2463 1438 Ι

376 1443 525 1498 Rud.
551 1443 840 1512 Agyrio-ola.-
876 1445 1192 1513 euigantum
1230 1440 1238 1520 Ι
1281 1453 1342 1504 11
1377 1444 1772 1502 oei-timendum
1811 1449 1866 1500 et
1902 1450 1974 1504 14
2002 1445 2376 1504 eartimannus
2409 1439 2463 1521 Ι

380 1533 444 1584 15
466 1526 695 1598 hostisxl
734 1533 799 1587 17
825 1528 1109 1583 iuventute
1132 1531 1275 1585 coni.
1297 1529 1509 1582 amicus
1531 1534 1748 1588 nostem
1773 1535 1834 1582 at
1847 1528 2004 1600 ferri
2014 1530 2236 1599 potest
2217 1549 2422 1588 auven-

378 1613 501 1679 tus,
537 1617 825 1678 commate,
856 1616 917 1666 ut
942 1610 1033 1666 He
1057 1609 1217 1682 feeit,
1249 1619 1376 1666 ante
1408 1612 1592 1668 valida
1613 1614 1822 1682 posito,
1859 1619 1918 1668 ut
1945 1613 2128 1670 valida
2159 1614 2420 1670 iuventus
2458 1611 2464 1752 Ι

376 1695 486 1748 iam
517 1696 587 1748 sit
616 1697 880 1766 appositio
908 1694 1131 1750 subiecti
1154 1697 1367 1752 hostes.
1407 1688 1416 1771 Ι
1457 1695 1740 1767 provisum
1772 1697 1846 1751 al.
1887 1693 1895 1768 Ι
1935 1703 2002 1754 22
2029 1715 2064 1752 a
2094 1699 2320 1756 duobus
2351 1700 2421 1754 F:
2462 1705 2463 1716 ¹

379 1795 410 1832 a
440 1776 657 1834 duobus
691 1779 867 1835 ostrio
896 1775 1039 1852 (pro
1074 1774 1334 1852 Ostorio)
1365 1779 1632 1850 didioque
1672 1774 1682 1850 Ι
1719 1785 1790 1838 24
1815 1781 2052 1852 proinde
2147 1836 2154 1844 ,

290 1847 319 1912 ⁸.
546 1859 661 1933 41,
709 1871 735 1922 1
770 1863 850 1920 Ti.
898 1864 1254 1919 Vertranius.
1295 1865 1354 1918 T.
1389 1865 1444 1920 L.
1497 1857 1507 1936 Ι
1539 1862 1738 1921 Orfito
1779 1864 1992 1920 Riuero
2025 1871 2255 1922 auctore
2300 1869 2420 1922 incl.

377 1943 463 2015 Ν,
508 1961 669 2018 quem
718 1965 769 2005 v.
813 1949 891 2003 ad
930 1953 1082 2018 2,1
1146 1953 1155 2025 Ι
1210 1955 1244 2009 9
1289 1948 1605 2021 triumphali
1654 1947 1966 2021 Gryphius:
2010 1949 2420 2023 triumphalium
2461 1901 2463 2073 Ι

380 2026 727 2103 (triumphali
769 2034 825 2089 in
866 2030 957 2101 F>
988 2034 1432 2105 triumphantium
1474 2029 1554 2105 A)
1607 2026 1615 2108 Ι
1667 2040 1827 2100 sunt,
1870 2040 1930 2089 ut
1969 2041 2259 2106 spectaret
2306 2036 2427 2091 Ru-

309 2116 538 2184 ‘perti,
574 2123 731 2185 sunt,
780 2134 901 2173 eum
932 2135 1011 2189 sp.
1058 2111 1189 2201 W!
1210 2124 1280 2175 12
1309 2116 1538 2173 remotis
1575 2112 1586 2194 Ι
1625 2123 1692 2176 14
1719 2117 1950 2187 pellitur
1991 2133 2113 2173 cum
2150 2120 2220 2173 de
2248 2135 2424 2191 super
2462 2066 2463 2187 Ι

253 2274 258 2277 ,
368 2206 411 2267 ἲ)
471 2190 480 2273 Ι
541 2205 609 2257 19
638 2206 953 2269 erupturam
984 2203 1057 2257 al.
1119 2196 1133 2279 Ι
1186 2208 1257 2260 20
1295 2202 1344 2257 is
1401 2196 1416 2279 Ι
1473 2206 1538 2259 21
1573 2208 1668 2258 aut
1712 2198 2004 2257 Petersem
2054 2210 2149 2271 ee,
2189 2205 2346 2274 quod
2375 2204 2463 2258 Ν

376 2286 593 2341 tuetur,-
628 2280 709 2351 cf.
742 2289 807 2352 3,
850 2288 917 2341 24
958 2292 1135 2339 morte
1180 2292 1275 2341 aut
1321 2286 1454 2357 fuga
1483 2285 1733 2357 punivit:
1769 2291 1843 2354 6,
1885 2292 1920 2347 9
1955 2291 2014 2341 ut
2053 2295 2422 2366 accusatores

378 2363 553 2419 exilio
586 2372 679 2420 eut
718 2372 894 2422 morte
927 2368 1308 2424 multarentur.

544 2443 659 2520 42,
703 2456 737 2509 3
782 2450 1009 2507 Rufrius
1044 2451 1189 2507 Hm·
1232 2453 1432 2516 rufius;
1478 2467 1675 2507 nomen
1717 2454 1940 2511 Rufrius
1981 2455 2143 2511 habet
2180 2457 2308 2511 cod.
2339 2462 2463 2525 15,
2462 2488 2463 2533 3

374 2535 478 2595 71,
464 2550 477 2562 ·
520 2534 579 2587 in
619 2539 715 2603 16,
757 2538 823 2593 17
864 2540 945 2589 est
983 2537 1155 2590 altero
1192 2537 1310 2589 leco
1341 2536 1607 2607 rufi-ium,
1649 2538 1822 2594 altero
1866 2541 2050 2604 rufus;
2104 2542 2162 2594 in
2201 2546 2310 2610 13,
2358 2545 2422 2597 45
2462 2568 2463 2619 Ι

373 2620 504 2671 teste
531 2612 757 2674 Baitero
786 2634 894 2674 non
920 2626 1102 2691 potest
1128 2620 1386 2690 distinqui
1409 2623 1547 2676 sitne
1577 2622 1698 2679 rufli
1729 2640 1808 2679 an
1849 2625 2007 2682 rufri.
2067 2623 2422 2694 Scripturam

374 2706 621 2755 nostram
664 2704 857 2773 firmat
892 2703 1016 2759 cod.
1045 2702 1433 2759 Memmianus
1443 2704 1686 2761 Suetonii
1725 2725 1777 2763 v.
1806 2707 1947 2763 Ner.
1973 2716 2061 2769 35
2117 2700 2131 2787 Ι
2179 2714 2220 2769 8
2248 2708 2463 2780 proli-
2462 2758 2463 2765 ,

330 2834 337 2841 .
376 2790 601 2840 eei-etur
648 2778 663 2862 Ι
710 2794 745 2845 9
770 2788 949 2843 honos
990 2787 1061 2843 U.-
1105 2804 1223 2844 mos
2462 2796 2463 2809 Ι

540 2864 654 2939 43,
697 2876 732 2927 2
772 2877 1076 2944 prompte,
1118 2887 1220 2927 em.
1265 2872 1342 2927 L
1359 2872 1369 2941 Ι
1421 2881 1493 2931 10
1534 2880 1592 2929 et
1619 2881 1752 2946 post
1790 2876 2138 2947 benignitate
2177 2876 2290 2933 del.
2325 2876 2376 2933 A
2409 2869 2463 2989 ΙΙ

372 2952 797 3009 subuenientum
832 2947 843 3031 Ι
884 2962 945 3013 11
978 2955 1300 3033 legionibus
1332 2956 1419 3011 E.-
1460 2958 1788 3033 regionibus
1908 2982 1910 2985 ’

539 3033 651 3104 44,
698 3046 760 3096 11
806 3044 1061 3111 prompte
1113 3037 1454 3114 (promptum
1492 3040 1566 3111 L,
1615 3060 1916 3116 properum
1955 3045 2015 3101 F
2047 3046 2166 3104 coll.
2207 3050 2278 3114 4,
2331 3051 2419 3113 59,

372 3119 605 3175 eudocia
634 3108 847 3193 promta
865 3120 1006 3177 mal.
1038 3120 1123 3198 E)
1174 3115 1185 3203 Ι
1243 3131 1555 3197 lfi‘partem
1578 3143 1674 3198 pr.
1703 3146 1776 3183 m.
1829 3122 1840 3205 Ι
1893 3136 1962 3191 18
1989 3120 2140 3187 uului
2175 3121 2186 3206 Ι
2225 3136 2296 3191 19
2325 3146 2418 3185 οι·-

371 3209 539 3258 nante
570 3202 647 3258 L.
692 3212 886 3261 orante

448 3291 452 3301 '
538 3283 652 3358 45,
696 3293 730 3346 2
774 3306 877 3360 qua
916 3334 928 3345 .
971 3334 982 3345 .
1018 3300 1310 3367 prompte,
1357 3308 1460 3349 em.
1494 3292 1542 3347 L
1593 3288 1602 3370 Ι
1652 3300 1683 3354 7
1729 3296 1975 3369 campis:
2020 3297 2224 3355 eastris
2265 3296 2358 3352 He
2395 3288 2408 3369 Ι

317 3370 327 3378 ’
370 3376 405 3430 9
436 3373 621 3426 malim
642 3382 941 3444 praeerant
968 3390 1045 3431 ex
1072 3380 1348 3433 constanti
1380 3378 1556 3433 Taciti
1582 3394 1686 3435 usu
1723 3372 1736 3459 Ι
1773 3387 1837 3440 11
1873 3387 1930 3437 ιιι
1957 3381 2120 3439 nobis
2149 3422 2161 3435 .
2191 3424 2202 3437 .
2235 3395 2412 3451 gnara

372 3459 462 3509 est
498 3457 624 3510 incl.
665 3456 746 3539 R(
776 3460 835 3513 in
868 3460 951 3515 ed.
984 3463 1185 3532 priore
1229 3462 1241 3534 Ι
1293 3469 1361 3523 15
1403 3459 1640 3535 pecunie
1679 3471 1966 3521 uterentur
2005 3464 2145 3540 (pro
2174 3462 2410 3536 pecunia
