2475 4000
705 229 1240 280 oouffluumus
1284 233 1614 282 cmxcus.
2104 207 2181 282 Li

147 393 520 464 sequentibus
539 390 723 460 vulpe,
755 403 965 443 comma
987 389 1307 459 interposuit
1324 387 1573 460 Spenyel,
1601 407 1722 447 cum
1742 411 1824 452 vv.
1848 395 1921 452 de
1944 409 2175 464 conseq.

151 477 232 532 ab
263 476 498 548 arreptis
537 491 688 545 susp.
716 473 1020 543 pendeant.
1061 465 1071 548 Ι
1109 478 1178 530 18
1207 477 1268 526 ut
1308 473 1451 527 enim
1486 465 1495 550 Ι
1530 477 1597 532 21
1628 477 1901 534 audierint
1927 478 1993 532 II

331 555 442 628 55,
486 567 518 616 5
553 565 652 613 aut
688 557 818 611 add.
863 557 1058 611 Wurm
1105 546 1118 633 Ι
1169 561 1236 612 14
1264 557 1547 611 hunerium
1598 549 1607 634 Ι
1665 563 1726 616 17
1770 562 1925 616 cuius
1965 579 2094 619 sese
2124 562 2174 616 A

155 642 295 718 (sed
321 645 407 698 ille
434 638 556 715 se):
600 639 840 697 {ussisse

325 721 454 795 56,
481 731 548 784 12
575 723 1077 796 quintilienusque‚
1115 737 1218 778 em.
1253 721 1300 776 12
1338 717 1349 800 Ι
1386 728 1455 783 14
1484 723 1723 792 atilium,
1754 737 1855 778 em.
1879 725 1965 780 Pu
1988 742 2063 782 ex
2086 736 2172 797 15,

147 815 220 870 71
257 803 270 888 Ι
310 809 666 880 quintilianus
687 847 702 876 ‚
731 809 856 861 item
883 821 935 860 c·
967 810 1066 874 57,
1103 815 1168 864 15
1207 799 1217 879 Ι
1256 815 1321 865 15
1351 807 1690 878 praecipuae

319 890 432 963 57,
469 898 505 948 2
545 889 827 964 opimari,
859 903 960 945 em.
989 889 1135 953 Hm,·
1187 886 1517 962 (Epicharin
1548 885 1737 962 vulyo)
1786 885 1813 966 ΙΙ
1851 897 1919 950 13
1957 890 2173 950 intactis

139 976 440 1032 tormentis
473 969 758 1031 carissimi

321 1055 436 1128 58,
478 1068 510 1117 5
549 1057 677 1114 hinc
718 1063 776 1112 et
809 1058 938 1112 inde
976 1057 1162 1112 vincta
1215 1057 1408 1113 Wurm
1445 1059 1737 1114 admodum
1766 1057 2124 1130 probabiliter
2166 1052 2175 1122 Ι

135 1150 178 1204 7
213 1159 324 1200 non
371 1149 592 1198 secreta
633 1146 838 1197 tantum
880 1141 994 1196 Hm
1027 1138 1140 1215 (cf.
1173 1156 1222 1194 c.
1262 1147 1340 1196 55
1380 1157 1427 1196 s.
1459 1138 1539 1215 f.)
1564 1167 1581 1195 .-
1624 1144 1847 1200 lutatum
1888 1139 2179 1216 (laetatum

137 1230 224 1285 al.
244 1271 258 1294 ,
299 1243 404 1299 quo
449 1233 663 1296 recepto
702 1239 934 1295 sequens
969 1224 1069 1280 sed
1101 1225 1198 1278 alii
1233 1227 1290 1278 in
1328 1242 1485 1294 esse,
1527 1227 1625 1280 alii
1646 1229 1705 1280 in
1734 1233 1792 1281 et
1818 1231 2177 1295 mutaverunt,

133 1314 248 1366 alii
284 1305 650 1382 abiecerunt.)
732 1307 860 1364 Voc.
900 1313 1106 1363 tuntum
1149 1310 1205 1361 in
1254 1309 1479 1364 latatum
1516 1310 1687 1366 latere
1723 1313 1947 1381 primus
1984 1310 2181 1364 Haase

133 1396 445 1462 intellexit,
501 1394 602 1448 sed
639 1393 888 1462 dssplicet
921 1393 1094 1461 ipsius
1131 1393 1555 1462 supplementum
1574 1417 1591 1448 .·
1632 1409 1741 1450 non
1786 1396 1999 1450 celatus
2052 1400 2175 1450 tan÷

139 1476 312 1549 tum‘l
354 1485 417 1536 11
457 1477 766 1532 nominatus
798 1476 934 1544 sed,
970 1490 1069 1531 em.
1098 1475 1148 1531 A

325 1557 438 1629 59,
483 1567 516 1621 9
561 1559 908 1632 expediendo
933 1559 1000 1612 H
1031 1550 1048 1647 Ι
1096 1567 1160 1619 11
1195 1560 1412 1631 sperari
1446 1560 1523 1615 al.
1559 1553 1572 1638 Ι
1621 1567 1687 1620 12
1718 1563 2009 1618 uincerent
2046 1555 2057 1638 Ι
2107 1568 2174 1624 19

135 1661 300 1717 quos·
325 1646 411 1701 B.-
457 1645 582 1715 quis
617 1636 628 1722 Ι
666 1649 736 1702 2ο
763 1649 1031 1713 tamquam
1060 1642 1114 1697 R
1153 1635 1162 1721 Ι
1199 1645 1505 1701 24mulieri
1538 1646 1588 1699 A

321 1725 435 1798 60,
491 1735 524 1788 3
575 1730 778 1797 breve,
835 1727 1026 1782 mortis
1067 1728 1341 1799 distinquit
1376 1729 1430 1784 D
1470 1720 1495 1805 Ι
1552 1736 1617 1788 15
1666 1729 1870 1785 Gavius
1918 1729 2172 1786 Belclcer:

109 1813 376 1884 grauius
427 1804 441 1891 Ι
494 1804 605 1883 61,
647 1819 718 1873 Ι13
746 1811 982 1866 reditum
1014 1827 1045 1866 a
1073 1812 1297 1868 tribuno
1326 1813 1446 1867 cod.
1476 1812 1649 1888 Ayru·
1690 1815 1807 1884 {pse
1835 1815 2049 1870 malim.-
2082 1830 2173 1869 re-

131 1899 299 1952 disse
333 1896 607 1953 tribunum
2035 1912 2039 1916 ’

315 1976 428 2050 62,
469 1985 508 2039 4
535 1981 778 2037 habebat
809 1980 886 2034 al.
937 1971 965 2053 Ι
995 1985 1028 2037 5
1059 1979 1295 2035 fructum
1322 1977 1463 2032 Hm.-
1504 1982 1615 2031 tam
1646 1973 1944 2049 (bonarum
1979 1979 2174 2034 artium

133 2066 380 2133 famam,
421 2070 533 2119 tum
579 2064 884 2120 constantis
924 2061 1012 2125 M,
1057 2062 1212 2116 cuius
1256 2062 1304 2116 si
1348 2075 1621 2117 memores
1674 2068 1863 2115 essent
1910 2062 2175 2120 bonarum

132 2148 381 2214 artium,
431 2147 627 2202 fumum
669 2146 979 2201 constantis
1019 2144 1078 2199 N
1113 2160 1236 2199 cum
1264 2139 1381 2218 E)„·
1419 2146 1477 2199 in
1518 2144 1607 2199 illo
1646 2147 1753 2201 tam
1790 2144 2175 2201 substantivum

127 2230 324 2284 videri
347 2229 517 2282 latere
555 2230 936 2284 Weissenborn
969 2230 1028 2283 in
1058 2246 1114 2283 n.
1143 2240 1275 2283 ann.
1298 2228 1433 2299 phil.
1466 2234 1519 2283 ec
1532 2229 1702 2299 paed.
1733 2230 1833 2285 vol.
1869 2233 1971 2293 52,
1995 2246 2056 2301 p.
2092 2234 2175 2285 44

131 2314 284 2369 bene
315 2312 534 2365 monuit.
573 2304 584 2385 Ι
621 2319 690 2369 10
716 2312 1028 2383 fratresque
1060 2311 1123 2366 Ν
1152 2304 1162 2387 Ι
1179 2320 1265 2371 «11
1298 2308 1489 2386 quam]
1524 2319 1651 2383 post

321 2388 435 2461 63,
479 2399 512 2450 2
559 2393 905 2449 formidinem
943 2397 1044 2460 al..
1093 2396 1367 2451 fortunam
1395 2396 1483 2451 He
1530 2388 1541 2474 Ι
1596 2404 1631 2456 3
1671 2396 1853 2453 dolori
1896 2412 2002 2452 neu
2034 2395 2177 2471 (sive

135 2471 326 2550 neve)
359 2477 426 2531 H
428 2502 444 2531 .·
487 2476 738 2533 dolorem
769 2473 1050 2551 (dolorem
1081 2486 1189 2535 aet.
1211 2480 1518 2551 suscipere
1553 2475 1627 2552 G)
1675 2478 1685 2548 Ι
1731 2484 1803 2536 -20
1844 2480 2174 2551 supersideo

319 2558 433 2631 64,
476 2567 509 2618 2
543 2560 700 2616 iubet
734 2560 859 2614 add.
890 2562 979 2622 H,·
1019 2563 1233 2619 inhibet
1274 2564 1327 2618 P
1366 2556 1377 2640 Ι
1426 2569 1459 2623 6
1500 2563 1643 2618 fama
1684 2562 2041 2636 societatem,
2068 2576 2173 2617 em.

137 2648 232 2702 Pu
271 2644 282 2717 Ι
321 2652 389 2705 13
423 2645 569 2715 quod
603 2642 714 2698 anti
749 2643 972 2715 publico
1011 2638 1020 2721 Ι
1062 2653 1123 2705 15
1156 2647 1378 2719 frigidis
1412 2646 1519 2703 iam
1542 2648 1765 2702 artubus
1790 2647 1861 2700 al.
1902 2639 1913 2721 Ι
1954 2653 2017 2706 19
2046 2663 2175 2719 per·
2224 2669 2229 2672 ·

139 2732 456 2801 scripserat
485 2728 574 2783 Pu
722 2740 726 2750 ·
905 2797 912 2803 ¹
1776 2757 1781 2767 ·

318 2808 431 2882 65,
475 2818 512 2871 4
553 2811 710 2883 quasi
746 2810 996 2867 sontibus
1039 2812 1230 2869 Wurm
1263 2816 1319 2869 in
1351 2815 1548 2871 Philol.
1580 2815 1687 2884 lx,
1728 2823 1857 2879 100;
1902 2815 2059 2885 quasi
2092 2816 2176 2869 in-

141 2896 297 2951 sonti
332 2902 388 2950 et
418 2897 467 2950 A
495 2902 547 2951 et
570 2895 625 2950 P
657 2887 668 2972 Ι
705 2901 739 2954 6
769 2894 1034 2950 dedecori
1063 2896 1144 2965 si,
1171 2912 1275 2953 em.
1298 2899 1365 2953 Η
2178 2954 2183 2963 ,

315 2975 429 3050 66,
473 2986 508 3037 2
556 2978 810 3035 accensis
855 2992 1076 3049 quoque
1113 2980 1423 3053 indicibus‚
1470 2998 1570 3037 em.
1598 2983 1646 3038 L
1696 2977 1705 3061 Ι
1754 2990 1792 3043 6
1819 2982 2034 3043 faenius
2084 2974 2179 3060 {B

145 3063 340 3133 equite
369 3063 463 3119 Ro.
500 3063 570 3119 O.-
617 3063 836 3133 equiter
864 3058 984 3136 (ter
1006 3078 1118 3133 per
1142 3061 1351 3139 comp.)
1385 3057 1400 3142 Ι
1434 3074 1467 3127 9
1488 3062 1643 3123 iussu

317 3142 431 3217 67,
475 3153 544 3207 16
575 3162 736 3218 quam
767 3146 943 3203 visa‘m
986 3146 1114 3202 Wr:
1147 3149 1397 3219 quamuis
1430 3146 1569 3224 (qun
1606 3152 1725 3208 visa
1758 3147 1847 3224 F)

315 3225 431 3300 68,
469 3236 503 3290 9
531 3232 909 3302 anchei-etur,
940 3244 1042 3285 em.
1083 3231 1158 3294 0,·
1195 3233 1509 3289 traheretur
1538 3235 1643 3299 al..
1682 3236 1743 3290 in
1773 3233 2001 3289 crimina
2029 3234 2169 3291 trah.

147 3310 227 3366 Ra·
269 3304 282 3387 Ι
331 3319 397 3372 16
423 3330 624 3369 recens
653 3314 699 3369 L
747 3315 758 3389 Ι
805 3310 918 3383 69,
953 3320 990 3373 2
1017 3316 1285 3389 ispeciem
1314 3316 1538 3374 indiciis
1576 3311 1587 3394 Ι
1624 3325 1658 3377 3
1688 3317 2015 3374 Geretanum
2044 3318 2167 3374 mal.

149 3394 464 3459 Reinesius‚·
513 3404 572 3453 at
605 3414 652 3453 v.
698 3398 756 3455 0.
792 3398 844 3454 I.
892 3398 1089 3455 Graec.
1135 3418 1286 3456 num.
1334 3406 1470 3461 2259
1519 3395 1527 3475 Ι
1581 3409 1614 3460 5
1656 3401 1995 3473 opprimeret
2030 3402 2190 3457 Hm:-

55 3507 65 3519 ·
149 3481 464 3550 opprimere
490 3480 791 3557 (consulis,
823 3496 1102 3556 'occupare
1135 3484 1287 3542 veiut
1317 3502 1365 3541 a.
1400 3486 1541 3557 eius,
1574 3486 1891 3558 opprimere
1926 3486 2032 3543 del.
2060 3487 2169 3541 iuv.

1668 3565 1707 3625 d
1728 3567 1762 3606 ηε
