<?xml version="1.0" encoding="UTF-8"?>
<!DOCTYPE html PUBLIC "-//W3C//DTD XHTML 1.0 Transitional//EN"
    "http://www.w3.org/TR/xhtml1/DTD/xhtml1-transitional.dtd">
<html xmlns="http://www.w3.org/1999/xhtml" xml:lang="en" lang="en">
 <head>
  <title>
</title>
<meta http-equiv="Content-Type" content="text/html;charset=utf-8" />
  <meta name='ocr-system' content='tesseract 3.04.00' />
  <meta name='ocr-capabilities' content='ocr_page ocr_carea ocr_par ocr_line ocrx_word'/>
</head>
<body>
  <div class='ocr_page' id='page_1' title='image "./corneltacitilib00unkngoog_0249.png"; bbox 0 0 2475 4000; ppageno 0'>
   <div class='ocr_carea' id='block_1_1' title="bbox 679 169 2083 234">
    <p class='ocr_par' dir='ltr' id='par_1_1' title="bbox 679 169 2083 234">
     <span class='ocr_line' id='line_1_1' title="bbox 679 169 2083 234; baseline 0.004 -6"><span class='ocrx_word' id='word_1_1' title='bbox 679 183 888 228; x_wconf 63' lang='lat' dir='ltr'><strong>Limen</strong></span> <span class='ocrx_word' id='word_1_2' title='bbox 921 183 1014 228; x_wconf 81' lang='lat' dir='ltr'><strong>xl.</strong></span> <span class='ocrx_word' id='word_1_3' title='bbox 1062 181 1212 229; x_wconf 72' lang='lat' dir='ltr'><strong>cAP.</strong></span> <span class='ocrx_word' id='word_1_4' title='bbox 1244 179 1483 232; x_wconf 73' lang='lat'><strong>20—-24.</strong></span> <span class='ocrx_word' id='word_1_5' title='bbox 1960 169 2083 234; x_wconf 83' lang='lat'><strong>189</strong></span> 
     </span>
    </p>
   </div>
   <div class='ocr_carea' id='block_1_2' title="bbox 83 335 2169 3522">
    <p class='ocr_par' dir='ltr' id='par_1_2' title="bbox 89 335 2169 1498">
     <span class='ocr_line' id='line_1_2' title="bbox 107 335 2087 418; baseline 0.001 -22"><span class='ocrx_word' id='word_1_6' title='bbox 107 343 222 415; x_wconf 82' lang='lat' dir='ltr'><strong>tur,</strong></span> <span class='ocrx_word' id='word_1_7' title='bbox 255 337 387 416; x_wconf 86' lang='lat' dir='ltr'><strong>quin</strong></span> <span class='ocrx_word' id='word_1_8' title='bbox 415 337 595 418; x_wconf 87' lang='lat' dir='ltr'><strong>prima</strong></span> <span class='ocrx_word' id='word_1_9' title='bbox 625 337 857 397; x_wconf 81' lang='lat' dir='ltr'><strong>iuventa</strong></span> <span class='ocrx_word' id='word_1_10' title='bbox 895 337 1253 397; x_wconf 86' lang='lat' dir='ltr'><strong>consulatum</strong></span> <span class='ocrx_word' id='word_1_11' title='bbox 1284 345 1342 395; x_wconf 93' lang='lat' dir='ltr'><strong>et</strong></span> <span class='ocrx_word' id='word_1_12' title='bbox 1370 335 1676 396; x_wconf 87' lang='lat' dir='ltr'><strong>dictaturas</strong></span> <span class='ocrx_word' id='word_1_13' title='bbox 1706 336 1931 396; x_wconf 86' lang='lat' dir='ltr'><strong>inirent.</strong></span> <span class='ocrx_word' id='word_1_14' title='bbox 1982 337 2087 398; x_wconf 86' lang='lat' dir='ltr'><strong>sed</strong></span> 
     </span>
     <span class='ocr_line' id='line_1_3' title="bbox 104 419 2087 500; baseline 0.002 -20"><span class='ocrx_word' id='word_1_15' title='bbox 104 431 447 498; x_wconf 76' lang='lat' dir='ltr'><strong>quaestores</strong></span> <span class='ocrx_word' id='word_1_16' title='bbox 461 420 700 498; x_wconf 84' lang='lat' dir='ltr'><strong>regibus</strong></span> <span class='ocrx_word' id='word_1_17' title='bbox 723 422 892 480; x_wconf 86' lang='lat' dir='ltr'><strong>etiam</strong></span> <span class='ocrx_word' id='word_1_18' title='bbox 914 429 1030 481; x_wconf 90' lang='lat' dir='ltr'><strong>tum</strong></span> <span class='ocrx_word' id='word_1_19' title='bbox 1055 419 1467 498; x_wconf 81' lang='lat' dir='ltr'><strong>imperantibus</strong></span> <span class='ocrx_word' id='word_1_20' title='bbox 1489 421 1725 480; x_wconf 85' lang='lat' dir='ltr'><strong>instituti</strong></span> <span class='ocrx_word' id='word_1_21' title='bbox 1751 430 1898 498; x_wconf 87' lang='lat' dir='ltr'><strong>sunt,</strong></span> <span class='ocrx_word' id='word_1_22' title='bbox 1931 421 2087 500; x_wconf 88' lang='lat' dir='ltr'><strong>quod</strong></span> 
     </span>
     <span class='ocr_line' id='line_1_4' title="bbox 107 503 2083 582; baseline 0.002 -20"><span class='ocrx_word' id='word_1_23' title='bbox 107 503 198 563; x_wconf 81' lang='lat' dir='ltr'><strong>lex</strong></span> <span class='ocrx_word' id='word_1_24' title='bbox 239 507 450 566; x_wconf 87' lang='lat' dir='ltr'><strong>curiata</strong></span> <span class='ocrx_word' id='word_1_25' title='bbox 495 504 745 564; x_wconf 82' lang='lat' dir='ltr'><strong>ostendit</strong></span> <span class='ocrx_word' id='word_1_26' title='bbox 785 503 856 563; x_wconf 91' lang='lat' dir='ltr'><strong>ab</strong></span> <span class='ocrx_word' id='word_1_27' title='bbox 886 504 948 564; x_wconf 90' lang='lat' dir='ltr'><strong>L.</strong></span> <span class='ocrx_word' id='word_1_28' title='bbox 976 504 1152 564; x_wconf 88' lang='lat' dir='ltr'><strong>Bruto</strong></span> <span class='ocrx_word' id='word_1_29' title='bbox 1185 505 1451 582; x_wconf 86' lang='lat' dir='ltr'><strong>repetita.</strong></span> <span class='ocrx_word' id='word_1_30' title='bbox 1524 505 1840 582; x_wconf 81' lang='lat' dir='ltr'><strong>mansitque</strong></span> <span class='ocrx_word' id='word_1_31' title='bbox 1878 522 2083 565; x_wconf 87' lang='lat' dir='ltr'><strong>consu-</strong></span> 
     </span>
     <span class='ocr_line' id='line_1_5' title="bbox 105 586 2083 670; baseline 0.001 -22"><span class='ocrx_word' id='word_1_32' title='bbox 105 586 244 648; x_wconf 89' lang='lat' dir='ltr'><strong>libus</strong></span> <span class='ocrx_word' id='word_1_33' title='bbox 274 597 532 668; x_wconf 89' lang='lat' dir='ltr'><strong>potestas</strong></span> <span class='ocrx_word' id='word_1_34' title='bbox 562 587 873 667; x_wconf 79' lang='lat' dir='ltr'><strong>deligendi,</strong></span> <span class='ocrx_word' id='word_1_35' title='bbox 905 589 1096 670; x_wconf 83' lang='lat' dir='ltr'><strong>donec</strong></span> <span class='ocrx_word' id='word_1_36' title='bbox 1118 605 1246 647; x_wconf 90' lang='lat' dir='ltr'><strong>eum</strong></span> <span class='ocrx_word' id='word_1_37' title='bbox 1267 587 1804 665; x_wconf 87' lang='lat' dir='ltr'><strong>quoque‘honorem</strong></span> <span class='ocrx_word' id='word_1_38' title='bbox 1833 589 2083 666; x_wconf 84' lang='lat' dir='ltr'><strong>populus</strong></span> 
     </span>
     <span class='ocr_line' id='line_1_6' title="bbox 101 669 2161 751; baseline 0.002 -21"><span class='ocrx_word' id='word_1_39' title='bbox 101 673 401 734; x_wconf 81' lang='lat' dir='ltr'><strong>mandaret.</strong></span> <span class='ocrx_word' id='word_1_40' title='bbox 457 674 752 750; x_wconf 87' lang='lat' dir='ltr'><strong>creatique</strong></span> <span class='ocrx_word' id='word_1_41' title='bbox 780 675 1020 751; x_wconf 89' lang='lat' dir='ltr'><strong>primum</strong></span> <span class='ocrx_word' id='word_1_42' title='bbox 1042 671 1311 741; x_wconf 84' lang='lat' dir='ltr'><strong>Valerius</strong></span> <span class='ocrx_word' id='word_1_43' title='bbox 1328 671 1549 732; x_wconf 86' lang='lat' dir='ltr'><strong>Potitus</strong></span> <span class='ocrx_word' id='word_1_44' title='bbox 1578 679 1636 729; x_wconf 90' lang='lat' dir='ltr'><strong>et</strong></span> <span class='ocrx_word' id='word_1_45' title='bbox 1665 670 1943 730; x_wconf 86' lang='lat' dir='ltr'><strong>Aemilius</strong></span> <span class='ocrx_word' id='word_1_46' title='bbox 1963 669 2079 734; x_wconf 85' lang='lat' dir='ltr'><strong>Ma·</strong></span> <span class='ocrx_word' id='word_1_47' title='bbox 2111 691 2161 734; x_wconf 74' lang='lat'><strong>1⁵</strong></span> 
     </span>
     <span class='ocr_line' id='line_1_7' title="bbox 102 755 2169 835; baseline 0.001 -21"><span class='ocrx_word' id='word_1_48' title='bbox 102 773 318 817; x_wconf 87' lang='lat' dir='ltr'><strong>mercus</strong></span> <span class='ocrx_word' id='word_1_49' title='bbox 349 759 756 835; x_wconf 85' lang='lat' dir='ltr'><strong>sexagensimo</strong></span> <span class='ocrx_word' id='word_1_50' title='bbox 787 756 954 818; x_wconf 84' lang='lat' dir='ltr'><strong>tertio</strong></span> <span class='ocrx_word' id='word_1_51' title='bbox 990 772 1136 817; x_wconf 89' lang='lat' dir='ltr'><strong>anno</strong></span> <span class='ocrx_word' id='word_1_52' title='bbox 1169 765 1304 834; x_wconf 89' lang='lat' dir='ltr'><strong>post</strong></span> <span class='ocrx_word' id='word_1_53' title='bbox 1334 755 1677 833; x_wconf 85' lang='lat' dir='ltr'><strong>Tarquinios</strong></span> <span class='ocrx_word' id='word_1_54' title='bbox 1709 762 1984 831; x_wconf 74' lang='lat' dir='ltr'><strong>exactOS,</strong></span> <span class='ocrx_word' id='word_1_55' title='bbox 2028 766 2089 816; x_wconf 88' lang='lat' dir='ltr'><strong>ut</strong></span> <span class='ocrx_word' id='word_1_56' title='bbox 2162 810 2169 825; x_wconf 90' lang='grc'><em>,</em></span> 
     </span>
     <span class='ocr_line' id='line_1_8' title="bbox 101 838 2086 916; baseline 0.001 -18"><span class='ocrx_word' id='word_1_57' title='bbox 101 859 215 899; x_wconf 89' lang='lat' dir='ltr'><strong>rem</strong></span> <span class='ocrx_word' id='word_1_58' title='bbox 257 840 559 906; x_wconf 83' lang='lat' dir='ltr'><strong>militarem</strong></span> <span class='ocrx_word' id='word_1_59' title='bbox 606 842 1027 901; x_wconf 82' lang='lat' dir='ltr'><strong>comitarentur.</strong></span> <span class='ocrx_word' id='word_1_60' title='bbox 1097 839 1243 899; x_wconf 62' lang='lat' dir='ltr'><strong>dein&gt;</strong></span> <span class='ocrx_word' id='word_1_61' title='bbox 1274 838 1655 916; x_wconf 81' lang='lat' dir='ltr'><strong>gliscentibus</strong></span> <span class='ocrx_word' id='word_1_62' title='bbox 1686 839 1939 915; x_wconf 86' lang='lat' dir='ltr'><strong>negotiis</strong></span> <span class='ocrx_word' id='word_1_63' title='bbox 1972 839 2086 900; x_wconf 91' lang='lat' dir='ltr'><strong>duo</strong></span> 
     </span>
     <span class='ocr_line' id='line_1_9' title="bbox 103 923 2089 1005; baseline 0 -23"><span class='ocrx_word' id='word_1_64' title='bbox 103 924 294 1002; x_wconf 85' lang='lat' dir='ltr'><strong>additi,</strong></span> <span class='ocrx_word' id='word_1_65' title='bbox 329 927 423 1005; x_wconf 88' lang='lat' dir='ltr'><strong>qui</strong></span> <span class='ocrx_word' id='word_1_66' title='bbox 445 927 666 986; x_wconf 87' lang='lat' dir='ltr'><strong>Romae</strong></span> <span class='ocrx_word' id='word_1_67' title='bbox 699 934 992 985; x_wconf 88' lang='lat' dir='ltr'><strong>curarent:</strong></span> <span class='ocrx_word' id='word_1_68' title='bbox 1021 941 1157 984; x_wconf 84' lang='lat' dir='ltr'><strong>mox</strong></span> <span class='ocrx_word' id='word_1_69' title='bbox 1187 923 1513 1002; x_wconf 88' lang='lat' dir='ltr'><strong>duplicatus</strong></span> <span class='ocrx_word' id='word_1_70' title='bbox 1539 940 1840 999; x_wconf 86' lang='lat' dir='ltr'><strong>numerus,</strong></span> <span class='ocrx_word' id='word_1_71' title='bbox 1859 926 2089 1001; x_wconf 46' lang='lat' dir='ltr'><strong>,stipen-</strong></span> 
     </span>
     <span class='ocr_line' id='line_1_10' title="bbox 101 1007 2088 1086; baseline 0.001 -20"><span class='ocrx_word' id='word_1_72' title='bbox 101 1007 272 1068; x_wconf 87' lang='lat' dir='ltr'><strong>diaria</strong></span> <span class='ocrx_word' id='word_1_73' title='bbox 309 1011 418 1069; x_wconf 90' lang='lat' dir='ltr'><strong>iam</strong></span> <span class='ocrx_word' id='word_1_74' title='bbox 450 1008 616 1069; x_wconf 89' lang='lat' dir='ltr'><strong>Italia</strong></span> <span class='ocrx_word' id='word_1_75' title='bbox 658 1017 726 1067; x_wconf 78' lang='lat' dir='ltr'><strong>et</strong></span> <span class='ocrx_word' id='word_1_76' title='bbox 756 1008 1170 1069; x_wconf 76' lang='lat' dir='ltr'><strong>accedentibus</strong></span> <span class='ocrx_word' id='word_1_77' title='bbox 1211 1009 1638 1086; x_wconf 83' lang='lat' dir='ltr'><strong>provinciarum</strong></span> <span class='ocrx_word' id='word_1_78' title='bbox 1668 1007 2088 1084; x_wconf 86' lang='lat' dir='ltr'><strong>vectigalibus:</strong></span> 
     </span>
     <span class='ocr_line' id='line_1_11' title="bbox 102 1090 2160 1170; baseline 0 -20"><span class='ocrx_word' id='word_1_79' title='bbox 102 1101 225 1169; x_wconf 88' lang='lat' dir='ltr'><strong>post</strong></span> <span class='ocrx_word' id='word_1_80' title='bbox 257 1092 391 1170; x_wconf 88' lang='lat' dir='ltr'><strong>lege</strong></span> <span class='ocrx_word' id='word_1_81' title='bbox 421 1092 619 1154; x_wconf 85' lang='lat' dir='ltr'><strong>Sullae</strong></span> <span class='ocrx_word' id='word_1_82' title='bbox 652 1092 855 1168; x_wconf 87' lang='lat' dir='ltr'><strong>viginti</strong></span> <span class='ocrx_word' id='word_1_83' title='bbox 889 1093 1068 1153; x_wconf 89' lang='lat' dir='ltr'><strong>creati</strong></span> <span class='ocrx_word' id='word_1_84' title='bbox 1105 1090 1431 1170; x_wconf 87' lang='lat' dir='ltr'><strong>supplendo</strong></span> <span class='ocrx_word' id='word_1_85' title='bbox 1464 1092 1717 1168; x_wconf 86' lang='lat' dir='ltr'><strong>senatui,</strong></span> <span class='ocrx_word' id='word_1_86' title='bbox 1762 1093 1851 1150; x_wconf 91' lang='lat' dir='ltr'><strong>cui</strong></span> <span class='ocrx_word' id='word_1_87' title='bbox 1882 1090 2160 1151; x_wconf 67' lang='lat' dir='ltr'><strong>iudiciaeo</strong></span> 
     </span>
     <span class='ocr_line' id='line_1_12' title="bbox 101 1175 2089 1255; baseline 0 -22"><span class='ocrx_word' id='word_1_88' title='bbox 101 1175 424 1238; x_wconf 84' lang='lat' dir='ltr'><strong>tradiderat.</strong></span> <span class='ocrx_word' id='word_1_89' title='bbox 522 1185 581 1235; x_wconf 88' lang='lat' dir='ltr'><strong>et</strong></span> <span class='ocrx_word' id='word_1_90' title='bbox 640 1193 978 1255; x_wconf 85' lang='lat' dir='ltr'><strong>quamquam</strong></span> <span class='ocrx_word' id='word_1_91' title='bbox 1037 1177 1264 1254; x_wconf 87' lang='lat' dir='ltr'><strong>equites</strong></span> <span class='ocrx_word' id='word_1_92' title='bbox 1314 1175 1521 1234; x_wconf 88' lang='lat' dir='ltr'><strong>iudicia</strong></span> <span class='ocrx_word' id='word_1_93' title='bbox 1574 1175 2089 1253; x_wconf 84' lang='lat' dir='ltr'><strong>reciperavissent‚</strong></span> 
     </span>
     <span class='ocr_line' id='line_1_13' title="bbox 99 1256 2089 1337; baseline -0.001 -18"><span class='ocrx_word' id='word_1_94' title='bbox 99 1256 398 1337; x_wconf 79' lang='lat' dir='ltr'><strong>quaestura</strong></span> <span class='ocrx_word' id='word_1_95' title='bbox 440 1270 632 1321; x_wconf 87' lang='lat' dir='ltr'><strong>tamen</strong></span> <span class='ocrx_word' id='word_1_96' title='bbox 663 1277 738 1319; x_wconf 85' lang='lat' dir='ltr'><strong>ex</strong></span> <span class='ocrx_word' id='word_1_97' title='bbox 771 1259 1048 1337; x_wconf 85' lang='lat' dir='ltr'><strong>dignitate</strong></span> <span class='ocrx_word' id='word_1_98' title='bbox 1093 1258 1518 1318; x_wconf 85' lang='lat' dir='ltr'><strong>candidatorum</strong></span> <span class='ocrx_word' id='word_1_99' title='bbox 1547 1268 1647 1319; x_wconf 74' lang='lat' dir='ltr'><strong>vaut</strong></span> <span class='ocrx_word' id='word_1_100' title='bbox 1676 1259 1956 1318; x_wconf 79' lang='lat' dir='ltr'><strong>facilitate</strong></span> <span class='ocrx_word' id='word_1_101' title='bbox 1992 1260 2089 1321; x_wconf 88' lang='lat' dir='ltr'><strong>tri-</strong></span> 
     </span>
     <span class='ocr_line' id='line_1_14' title="bbox 89 1341 2088 1424; baseline 0.001 -22"><span class='ocrx_word' id='word_1_102' title='bbox 89 1341 379 1424; x_wconf 81' lang='lat' dir='ltr'><strong>buentium</strong></span> <span class='ocrx_word' id='word_1_103' title='bbox 410 1345 664 1423; x_wconf 86' lang='lat' dir='ltr'><strong>gratuito</strong></span> <span class='ocrx_word' id='word_1_104' title='bbox 707 1342 1168 1419; x_wconf 84' lang='lat' dir='ltr'><strong>concedebatur,</strong></span> <span class='ocrx_word' id='word_1_105' title='bbox 1215 1342 1404 1402; x_wconf 88' lang='lat' dir='ltr'><strong>donec</strong></span> <span class='ocrx_word' id='word_1_106' title='bbox 1437 1345 1716 1403; x_wconf 82' lang='lat' dir='ltr'><strong>sententia</strong></span> <span class='ocrx_word' id='word_1_107' title='bbox 1743 1341 2088 1404; x_wconf 86' lang='lat' dir='ltr'><strong>Dolabellae</strong></span> 
     </span>
     <span class='ocr_line' id='line_1_15' title="bbox 102 1427 1220 1498; baseline 0 -13"><span class='ocrx_word' id='word_1_108' title='bbox 102 1427 250 1487; x_wconf 87' lang='lat' dir='ltr'><strong>velut</strong></span> <span class='ocrx_word' id='word_1_109' title='bbox 281 1428 724 1489; x_wconf 81' lang='lat' dir='ltr'><strong>venundaretur.</strong></span> <span class='ocrx_word' id='word_1_110' title='bbox 1217 1485 1220 1498; x_wconf 80' lang='grc'>,</span> 
     </span>
    </p>

    <p class='ocr_par' dir='ltr' id='par_1_3' title="bbox 83 1510 2160 3097">
     <span class='ocr_line' id='line_1_16' title="bbox 215 1510 2088 1612; baseline 0 -40"><span class='ocrx_word' id='word_1_111' title='bbox 215 1511 314 1572; x_wconf 86' lang='grc'><strong>23.</strong></span> <span class='ocrx_word' id='word_1_112' title='bbox 358 1513 432 1573; x_wconf 82' lang='grc' dir='ltr'><strong>Α.</strong></span> <span class='ocrx_word' id='word_1_113' title='bbox 457 1511 700 1572; x_wconf 87' lang='lat' dir='ltr'><strong>Vitellio</strong></span> <span class='ocrx_word' id='word_1_114' title='bbox 725 1511 786 1570; x_wconf 92' lang='lat' dir='ltr'><strong>L.</strong></span> <span class='ocrx_word' id='word_1_115' title='bbox 817 1513 1102 1590; x_wconf 86' lang='lat' dir='ltr'><strong>Vipstano</strong></span> <span class='ocrx_word' id='word_1_116' title='bbox 1136 1510 1471 1572; x_wconf 83' lang='lat' dir='ltr'><strong>consulibus</strong></span> <span class='ocrx_word' id='word_1_117' title='bbox 1500 1529 1625 1576; x_wconf 86' lang='lat' dir='ltr'><strong>cum</strong></span> <span class='ocrx_word' id='word_1_118' title='bbox 1656 1510 2088 1612; x_wconf 78' lang='lat' dir='ltr'><strong>de&#39;supplendo</strong></span> 
     </span>
     <span class='ocr_line' id='line_1_17' title="bbox 102 1595 2089 1674; baseline 0.001 -22"><span class='ocrx_word' id='word_1_119' title='bbox 102 1605 292 1656; x_wconf 88' lang='lat' dir='ltr'><strong>senatu</strong></span> <span class='ocrx_word' id='word_1_120' title='bbox 323 1598 639 1674; x_wconf 77' lang='lat' dir='ltr'><strong>agitaretur</strong></span> <span class='ocrx_word' id='word_1_121' title='bbox 670 1597 1071 1674; x_wconf 85' lang='lat' dir='ltr'><strong>primoresque</strong></span> <span class='ocrx_word' id='word_1_122' title='bbox 1103 1595 1357 1672; x_wconf 83' lang='lat' dir='ltr'><strong>Galliae,</strong></span> <span class='ocrx_word' id='word_1_123' title='bbox 1390 1613 1537 1672; x_wconf 87' lang='lat' dir='ltr'><strong>quae</strong></span> <span class='ocrx_word' id='word_1_124' title='bbox 1564 1595 1799 1656; x_wconf 84' lang='lat' dir='ltr'><strong>Comata</strong></span> <span class='ocrx_word' id='word_1_125' title='bbox 1830 1595 2089 1674; x_wconf 88' lang='lat' dir='ltr'><strong>appella-</strong></span> 
     </span>
     <span class='ocr_line' id='line_1_18' title="bbox 100 1678 2090 1759; baseline 0.001 -24"><span class='ocrx_word' id='word_1_126' title='bbox 100 1686 213 1755; x_wconf 89' lang='lat' dir='ltr'><strong>tur,</strong></span> <span class='ocrx_word' id='word_1_127' title='bbox 243 1680 488 1741; x_wconf 86' lang='lat' dir='ltr'><strong>foedera</strong></span> <span class='ocrx_word' id='word_1_128' title='bbox 525 1687 584 1739; x_wconf 87' lang='lat' dir='ltr'><strong>et</strong></span> <span class='ocrx_word' id='word_1_129' title='bbox 617 1679 903 1739; x_wconf 84' lang='lat' dir='ltr'><strong>civitatem</strong></span> <span class='ocrx_word' id='word_1_130' title='bbox 929 1681 1243 1740; x_wconf 85' lang='lat' dir='ltr'><strong>Romanam</strong></span> <span class='ocrx_word' id='word_1_131' title='bbox 1275 1679 1494 1759; x_wconf 88' lang='lat' dir='ltr'><strong>pridem</strong></span> <span class='ocrx_word' id='word_1_132' title='bbox 1532 1678 1824 1755; x_wconf 83' lang='lat' dir='ltr'><strong>adsecuti,</strong></span> <span class='ocrx_word' id='word_1_133' title='bbox 1855 1680 1943 1738; x_wconf 91' lang='lat' dir='ltr'><strong>ius</strong></span> <span class='ocrx_word' id='word_1_134' title='bbox 1976 1678 2090 1737; x_wconf 90' lang='lat' dir='ltr'><strong>adi-</strong></span> 
     </span>
     <span class='ocr_line' id='line_1_19' title="bbox 101 1759 2092 1842; baseline 0.001 -22"><span class='ocrx_word' id='word_1_135' title='bbox 101 1759 500 1838; x_wconf 84' lang='lat' dir='ltr'><strong>pis&#39;cendorum</strong></span> <span class='ocrx_word' id='word_1_136' title='bbox 532 1764 591 1822; x_wconf 92' lang='lat' dir='ltr'><strong>in</strong></span> <span class='ocrx_word' id='word_1_137' title='bbox 629 1761 771 1822; x_wconf 88' lang='lat' dir='ltr'><strong>urhe</strong></span> <span class='ocrx_word' id='word_1_138' title='bbox 814 1763 1091 1824; x_wconf 83' lang='lat' dir='ltr'><strong>honorum</strong></span> <span class='ocrx_word' id='word_1_139' title='bbox 1137 1772 1515 1842; x_wconf 81' lang='lat' dir='ltr'><strong>expeterent,</strong></span> <span class='ocrx_word' id='word_1_140' title='bbox 1556 1763 1762 1822; x_wconf 87' lang='lat' dir='ltr'><strong>multus</strong></span> <span class='ocrx_word' id='word_1_141' title='bbox 1803 1779 1871 1822; x_wconf 87' lang='lat' dir='ltr'><strong>ea</strong></span> <span class='ocrx_word' id='word_1_142' title='bbox 1914 1780 2092 1841; x_wconf 89' lang='lat' dir='ltr'><strong>super</strong></span> 
     </span>
     <span class='ocr_line' id='line_1_20' title="bbox 99 1845 2134 1926; baseline 0 -22"><span class='ocrx_word' id='word_1_143' title='bbox 99 1864 160 1904; x_wconf 90' lang='lat' dir='ltr'><strong>re</strong></span> <span class='ocrx_word' id='word_1_144' title='bbox 191 1850 498 1926; x_wconf 85' lang='lat' dir='ltr'><strong>variusque</strong></span> <span class='ocrx_word' id='word_1_145' title='bbox 530 1865 742 1907; x_wconf 91' lang='lat' dir='ltr'><strong>rumor.</strong></span> <span class='ocrx_word' id='word_1_146' title='bbox 801 1857 862 1906; x_wconf 91' lang='lat' dir='ltr'><strong>et</strong></span> <span class='ocrx_word' id='word_1_147' title='bbox 903 1847 1102 1908; x_wconf 83' lang='lat' dir='ltr'><strong>studiis</strong></span> <span class='ocrx_word' id='word_1_148' title='bbox 1143 1847 1389 1907; x_wconf 84' lang='lat' dir='ltr'><strong>diversis</strong></span> <span class='ocrx_word' id='word_1_149' title='bbox 1432 1845 1583 1923; x_wconf 85' lang='lat' dir='ltr'><strong>apud</strong></span> <span class='ocrx_word' id='word_1_150' title='bbox 1612 1846 1931 1925; x_wconf 82' lang='lat' dir='ltr'><strong>principem</strong></span> <span class='ocrx_word' id='word_1_151' title='bbox 1965 1864 2088 1907; x_wconf 89' lang='lat' dir='ltr'><strong>cer·</strong></span> <span class='ocrx_word' id='word_1_152' title='bbox 2108 1864 2134 1904; x_wconf 83' lang='lat'><strong>5</strong></span> 
     </span>
     <span class='ocr_line' id='line_1_21' title="bbox 98 1927 2090 2006; baseline 0 -17"><span class='ocrx_word' id='word_1_153' title='bbox 98 1930 316 1990; x_wconf 88' lang='lat' dir='ltr'><strong>tabatur</strong></span> <span class='ocrx_word' id='word_1_154' title='bbox 353 1931 810 1991; x_wconf 78' lang='lat' dir='ltr'><strong>adseverantium</strong></span> <span class='ocrx_word' id='word_1_155' title='bbox 850 1949 966 1991; x_wconf 90' lang='lat' dir='ltr'><strong>non</strong></span> <span class='ocrx_word' id='word_1_156' title='bbox 1007 1931 1154 1991; x_wconf 88' lang='lat' dir='ltr'><strong>adeo</strong></span> <span class='ocrx_word' id='word_1_157' title='bbox 1199 1947 1434 2006; x_wconf 82' lang='lat' dir='ltr'><strong>aegram</strong></span> <span class='ocrx_word' id='word_1_158' title='bbox 1476 1927 1693 1986; x_wconf 90' lang='lat' dir='ltr'><strong>Italiam</strong></span> <span class='ocrx_word' id='word_1_159' title='bbox 1733 1936 1795 1985; x_wconf 88' lang='lat' dir='ltr'><strong>ut</strong></span> <span class='ocrx_word' id='word_1_160' title='bbox 1833 1938 2090 1988; x_wconf 88' lang='lat' dir='ltr'><strong>senatum</strong></span> 
     </span>
     <span class='ocr_line' id='line_1_22' title="bbox 96 2010 2105 2094; baseline 0 -22"><span class='ocrx_word' id='word_1_161' title='bbox 96 2012 488 2093; x_wconf 81' lang='lat' dir='ltr'><strong>suppeditare</strong></span> <span class='ocrx_word' id='word_1_162' title='bbox 514 2015 644 2076; x_wconf 88' lang='lat' dir='ltr'><strong>urbi</strong></span> <span class='ocrx_word' id='word_1_163' title='bbox 700 2034 840 2076; x_wconf 88' lang='lat' dir='ltr'><strong>suae</strong></span> <span class='ocrx_word' id='word_1_164' title='bbox 894 2016 1180 2094; x_wconf 83' lang='lat' dir='ltr'><strong>nequiret.</strong></span> <span class='ocrx_word' id='word_1_165' title='bbox 1263 2012 1565 2072; x_wconf 80' lang='lat' dir='ltr'><strong>suffecisse</strong></span> <span class='ocrx_word' id='word_1_166' title='bbox 1612 2011 1747 2070; x_wconf 88' lang='lat' dir='ltr'><strong>olim</strong></span> <span class='ocrx_word' id='word_1_167' title='bbox 1791 2010 2105 2087; x_wconf 78' lang='lat' dir='ltr'><strong>indigenas</strong></span> 
     </span>
     <span class='ocr_line' id='line_1_23' title="bbox 91 2094 2088 2178; baseline -0.002 -21"><span class='ocrx_word' id='word_1_168' title='bbox 91 2100 538 2175; x_wconf 83' lang='lat' dir='ltr'><strong>consanguineis</strong></span> <span class='ocrx_word' id='word_1_169' title='bbox 590 2099 856 2178; x_wconf 87' lang='lat' dir='ltr'><strong>populis,</strong></span> <span class='ocrx_word' id='word_1_170' title='bbox 907 2116 1016 2157; x_wconf 89' lang='lat' dir='ltr'><strong>nec</strong></span> <span class='ocrx_word' id='word_1_171' title='bbox 1063 2098 1361 2175; x_wconf 88' lang='lat' dir='ltr'><strong>paenitere</strong></span> <span class='ocrx_word' id='word_1_172' title='bbox 1406 2096 1625 2155; x_wconf 81' lang='lat' dir='ltr'><strong>veteris</strong></span> <span class='ocrx_word' id='word_1_173' title='bbox 1672 2095 1758 2153; x_wconf 89' lang='lat' dir='ltr'><strong>rei</strong></span> <span class='ocrx_word' id='word_1_174' title='bbox 1800 2094 2088 2174; x_wconf 88' lang='lat' dir='ltr'><strong>publicae.</strong></span> 
     </span>
     <span class='ocr_line' id='line_1_24' title="bbox 87 2178 2087 2260; baseline -0.001 -21"><span class='ocrx_word' id='word_1_175' title='bbox 87 2184 220 2260; x_wconf 86' lang='lat' dir='ltr'><strong>quin</strong></span> <span class='ocrx_word' id='word_1_176' title='bbox 249 2179 444 2242; x_wconf 82' lang='lat' dir='ltr'><strong>adhuc</strong></span> <span class='ocrx_word' id='word_1_177' title='bbox 483 2183 788 2241; x_wconf 89' lang='lat' dir='ltr'><strong>memorari</strong></span> <span class='ocrx_word' id='word_1_178' title='bbox 831 2181 1098 2259; x_wconf 84' lang='lat' dir='ltr'><strong>exempla</strong></span> <span class='ocrx_word' id='word_1_179' title='bbox 1151 2195 1297 2258; x_wconf 89' lang='lat' dir='ltr'><strong>quae</strong></span> <span class='ocrx_word' id='word_1_180' title='bbox 1343 2180 1553 2258; x_wconf 89' lang='lat' dir='ltr'><strong>priscis</strong></span> <span class='ocrx_word' id='word_1_181' title='bbox 1585 2178 1946 2238; x_wconf 70' lang='lat' dir='ltr'><strong>moribus&#39;ad</strong></span> <span class='ocrx_word' id='word_1_182' title='bbox 1974 2179 2087 2238; x_wconf 85' lang='lat' dir='ltr'><strong>vir-</strong></span> 
     </span>
     <span class='ocr_line' id='line_1_25' title="bbox 83 2261 2160 2362; baseline 0 -37"><span class='ocrx_word' id='word_1_183' title='bbox 83 2272 258 2325; x_wconf 87' lang='lat' dir='ltr'><strong>tutem</strong></span> <span class='ocrx_word' id='word_1_184' title='bbox 287 2271 348 2320; x_wconf 88' lang='lat' dir='ltr'><strong>et</strong></span> <span class='ocrx_word' id='word_1_185' title='bbox 377 2263 632 2341; x_wconf 82' lang='lat' dir='ltr'><strong>gloriam</strong></span> <span class='ocrx_word' id='word_1_186' title='bbox 662 2265 920 2325; x_wconf 88' lang='lat' dir='ltr'><strong>Romana</strong></span> <span class='ocrx_word' id='word_1_187' title='bbox 948 2263 1174 2323; x_wconf 85' lang='lat' dir='ltr'><strong>indoles</strong></span> <span class='ocrx_word' id='word_1_188' title='bbox 1199 2262 1541 2362; x_wconf 67' lang='lat' dir='ltr'><strong>prodiderit.</strong></span> <span class='ocrx_word' id='word_1_189' title='bbox 1602 2282 1675 2322; x_wconf 92' lang='lat' dir='ltr'><strong>an</strong></span> <span class='ocrx_word' id='word_1_190' title='bbox 1706 2280 1902 2341; x_wconf 88' lang='lat' dir='ltr'><strong>parum</strong></span> <span class='ocrx_word' id='word_1_191' title='bbox 1934 2261 2090 2341; x_wconf 84' lang='lat' dir='ltr'><strong>quod</strong></span> <span class='ocrx_word' id='word_1_192' title='bbox 2108 2284 2160 2326; x_wconf 76' lang='grc' dir='ltr'><strong>ιο</strong></span> 
     </span>
     <span class='ocr_line' id='line_1_26' title="bbox 85 2345 2088 2427; baseline -0.001 -18"><span class='ocrx_word' id='word_1_193' title='bbox 85 2346 296 2409; x_wconf 89' lang='lat' dir='ltr'><strong>Veneti</strong></span> <span class='ocrx_word' id='word_1_194' title='bbox 326 2353 392 2405; x_wconf 83' lang='lat' dir='ltr'><strong>et</strong></span> <span class='ocrx_word' id='word_1_195' title='bbox 422 2345 696 2407; x_wconf 85' lang='lat' dir='ltr'><strong>Insubres</strong></span> <span class='ocrx_word' id='word_1_196' title='bbox 734 2350 945 2407; x_wconf 88' lang='lat' dir='ltr'><strong>curiam</strong></span> <span class='ocrx_word' id='word_1_197' title='bbox 977 2349 1323 2427; x_wconf 70' lang='lat' dir='ltr'><strong>inruperunt,</strong></span> <span class='ocrx_word' id='word_1_198' title='bbox 1366 2347 1475 2406; x_wconf 89' lang='lat' dir='ltr'><strong>nisi</strong></span> <span class='ocrx_word' id='word_1_199' title='bbox 1503 2356 1707 2407; x_wconf 89' lang='lat' dir='ltr'><strong>coetus</strong></span> <span class='ocrx_word' id='word_1_200' title='bbox 1737 2347 2088 2423; x_wconf 86' lang='lat' dir='ltr'><strong>alienigena-</strong></span> 
     </span>
     <span class='ocr_line' id='line_1_27' title="bbox 89 2429 2089 2512; baseline -0.002 -19"><span class='ocrx_word' id='word_1_201' title='bbox 89 2451 210 2493; x_wconf 86' lang='lat' dir='ltr'><strong>rum</strong></span> <span class='ocrx_word' id='word_1_202' title='bbox 235 2429 405 2491; x_wconf 79' lang='lat' dir='ltr'><strong>velut</strong></span> <span class='ocrx_word' id='word_1_203' title='bbox 437 2433 740 2510; x_wconf 87' lang='lat' dir='ltr'><strong>captivitas</strong></span> <span class='ocrx_word' id='word_1_204' title='bbox 785 2429 1102 2491; x_wconf 83' lang='lat' dir='ltr'><strong>inferatur?</strong></span> <span class='ocrx_word' id='word_1_205' title='bbox 1145 2449 1313 2511; x_wconf 88' lang='lat' dir='ltr'><strong>quem</strong></span> <span class='ocrx_word' id='word_1_206' title='bbox 1342 2431 1490 2491; x_wconf 84' lang='lat' dir='ltr'><strong>ultra</strong></span> <span class='ocrx_word' id='word_1_207' title='bbox 1534 2430 1815 2491; x_wconf 88' lang='lat' dir='ltr'><strong>honorem</strong></span> <span class='ocrx_word' id='word_1_208' title='bbox 1841 2429 2089 2512; x_wconf 65' lang='lat' dir='ltr'><strong>‚residuis</strong></span> 
     </span>
     <span class='ocr_line' id='line_1_28' title="bbox 95 2512 2087 2595; baseline -0.003 -18"><span class='ocrx_word' id='word_1_209' title='bbox 95 2515 368 2577; x_wconf 86' lang='lat' dir='ltr'><strong>nobilium</strong></span> <span class='ocrx_word' id='word_1_210' title='bbox 388 2561 408 2592; x_wconf 92' lang='lat'><strong>,</strong></span> <span class='ocrx_word' id='word_1_211' title='bbox 442 2522 536 2574; x_wconf 90' lang='lat' dir='ltr'><strong>aut</strong></span> <span class='ocrx_word' id='word_1_212' title='bbox 563 2517 612 2574; x_wconf 91' lang='lat' dir='ltr'><strong>si</strong></span> <span class='ocrx_word' id='word_1_213' title='bbox 644 2518 769 2594; x_wconf 87' lang='lat' dir='ltr'><strong>quis</strong></span> <span class='ocrx_word' id='word_1_214' title='bbox 802 2533 1024 2595; x_wconf 88' lang='lat' dir='ltr'><strong>pauper</strong></span> <span class='ocrx_word' id='word_1_215' title='bbox 1055 2516 1279 2577; x_wconf 83' lang='lat' dir='ltr'><strong>e·Latio</strong></span> <span class='ocrx_word' id='word_1_216' title='bbox 1312 2524 1545 2576; x_wconf 86' lang='lat' dir='ltr'><strong>senator</strong></span> <span class='ocrx_word' id='word_1_217' title='bbox 1576 2512 1775 2574; x_wconf 79' lang='lat' dir='ltr'><strong>foret?</strong></span> <span class='ocrx_word' id='word_1_218' title='bbox 1822 2514 2087 2593; x_wconf 86' lang='lat' dir='ltr'><strong>oppletu-</strong></span> 
     </span>
     <span class='ocr_line' id='line_1_29' title="bbox 95 2597 2087 2679; baseline -0.003 -18"><span class='ocrx_word' id='word_1_219' title='bbox 95 2620 192 2662; x_wconf 85' lang='lat' dir='ltr'><strong>ros</strong></span> <span class='ocrx_word' id='word_1_220' title='bbox 221 2600 414 2661; x_wconf 87' lang='lat' dir='ltr'><strong>omnia</strong></span> <span class='ocrx_word' id='word_1_221' title='bbox 455 2599 662 2659; x_wconf 82' lang='lat' dir='ltr'><strong>divites</strong></span> <span class='ocrx_word' id='word_1_222' title='bbox 711 2600 878 2675; x_wconf 88' lang='lat' dir='ltr'><strong>illos,</strong></span> <span class='ocrx_word' id='word_1_223' title='bbox 921 2617 1156 2679; x_wconf 87' lang='lat' dir='ltr'><strong>quorum</strong></span> <span class='ocrx_word' id='word_1_224' title='bbox 1187 2602 1279 2660; x_wconf 84' lang='lat' dir='ltr'><strong>avi</strong></span> <span class='ocrx_word' id='word_1_225' title='bbox 1324 2600 1643 2679; x_wconf 84' lang='lat' dir='ltr'><strong>proavique</strong></span> <span class='ocrx_word' id='word_1_226' title='bbox 1672 2597 1961 2657; x_wconf 88' lang='lat' dir='ltr'><strong>hostilium</strong></span> <span class='ocrx_word' id='word_1_227' title='bbox 1992 2616 2087 2656; x_wconf 91' lang='lat' dir='ltr'><strong>na-</strong></span> 
     </span>
     <span class='ocr_line' id='line_1_30' title="bbox 100 2681 2157 2761; baseline 0 -18"><span class='ocrx_word' id='word_1_228' title='bbox 100 2686 307 2745; x_wconf 85' lang='lat' dir='ltr'><strong>tionum</strong></span> <span class='ocrx_word' id='word_1_229' title='bbox 337 2682 518 2743; x_wconf 89' lang='lat' dir='ltr'><strong>duces</strong></span> <span class='ocrx_word' id='word_1_230' title='bbox 547 2685 839 2743; x_wconf 87' lang='lat' dir='ltr'><strong>exercitus</strong></span> <span class='ocrx_word' id='word_1_231' title='bbox 865 2692 1098 2744; x_wconf 87' lang='lat' dir='ltr'><strong>nostros</strong></span> <span class='ocrx_word' id='word_1_232' title='bbox 1130 2684 1288 2744; x_wconf 82' lang='lat' dir='ltr'><strong>ferro</strong></span> <span class='ocrx_word' id='word_1_233' title='bbox 1322 2685 1495 2761; x_wconf 85' lang='lat' dir='ltr'><strong>vique</strong></span> <span class='ocrx_word' id='word_1_234' title='bbox 1525 2681 1871 2758; x_wconf 86' lang='lat' dir='ltr'><strong>ceciderint,</strong></span> <span class='ocrx_word' id='word_1_235' title='bbox 1900 2681 2090 2744; x_wconf 88' lang='lat' dir='ltr'><strong>divum</strong></span> <span class='ocrx_word' id='word_1_236' title='bbox 2107 2702 2157 2743; x_wconf 82' lang='lat'><strong>15</strong></span> 
     </span>
     <span class='ocr_line' id='line_1_31' title="bbox 97 2765 2086 2846; baseline -0.001 -19"><span class='ocrx_word' id='word_1_237' title='bbox 97 2766 296 2829; x_wconf 88' lang='lat' dir='ltr'><strong>Iulium</strong></span> <span class='ocrx_word' id='word_1_238' title='bbox 325 2767 480 2846; x_wconf 85' lang='lat' dir='ltr'><strong>apud</strong></span> <span class='ocrx_word' id='word_1_239' title='bbox 511 2765 769 2827; x_wconf 85' lang='lat' dir='ltr'><strong>Alesiam</strong></span> <span class='ocrx_word' id='word_1_240' title='bbox 798 2767 1149 2828; x_wconf 88' lang='lat' dir='ltr'><strong>obsederint.</strong></span> <span class='ocrx_word' id='word_1_241' title='bbox 1207 2770 1464 2828; x_wconf 86' lang='lat' dir='ltr'><strong>recentia</strong></span> <span class='ocrx_word' id='word_1_242' title='bbox 1498 2767 1680 2826; x_wconf 88' lang='lat' dir='ltr'><strong>haec:</strong></span> <span class='ocrx_word' id='word_1_243' title='bbox 1714 2766 1850 2844; x_wconf 89' lang='lat' dir='ltr'><strong>quid</strong></span> <span class='ocrx_word' id='word_1_244' title='bbox 1892 2766 2086 2826; x_wconf 87' lang='lat' dir='ltr'><strong>si&#39;me-</strong></span> 
     </span>
     <span class='ocr_line' id='line_1_32' title="bbox 102 2850 2085 2931; baseline -0.002 -20"><span class='ocrx_word' id='word_1_245' title='bbox 102 2856 279 2913; x_wconf 88' lang='lat' dir='ltr'><strong>moria</strong></span> <span class='ocrx_word' id='word_1_246' title='bbox 310 2866 509 2913; x_wconf 89' lang='lat' dir='ltr'><strong>eorum</strong></span> <span class='ocrx_word' id='word_1_247' title='bbox 543 2860 835 2928; x_wconf 87' lang='lat' dir='ltr'><strong>oreretur,</strong></span> <span class='ocrx_word' id='word_1_248' title='bbox 878 2852 1036 2929; x_wconf 72' lang='lat' dir='ltr'><strong>qui-1·</strong></span> <span class='ocrx_word' id='word_1_249' title='bbox 1068 2850 1355 2931; x_wconf 83' lang='lat' dir='ltr'><strong>Capitolio</strong></span> <span class='ocrx_word' id='word_1_250' title='bbox 1396 2860 1453 2911; x_wconf 89' lang='lat' dir='ltr'><strong>et</strong></span> <span class='ocrx_word' id='word_1_251' title='bbox 1494 2869 1589 2911; x_wconf 88' lang='lat' dir='ltr'><strong>ara</strong></span> <span class='ocrx_word' id='word_1_252' title='bbox 1622 2851 1881 2911; x_wconf 88' lang='lat' dir='ltr'><strong>Romana</strong></span> <span class='ocrx_word' id='word_1_253' title='bbox 1911 2852 2085 2909; x_wconf 88' lang='lat' dir='ltr'><strong>mani-</strong></span> 
     </span>
     <span class='ocr_line' id='line_1_33' title="bbox 101 2933 2086 3014; baseline 0 -21"><span class='ocrx_word' id='word_1_254' title='bbox 101 2934 205 2995; x_wconf 87' lang='lat' dir='ltr'><strong>bus</strong></span> <span class='ocrx_word' id='word_1_255' title='bbox 236 2934 550 2996; x_wconf 83' lang='lat' dir='ltr'><strong>eorundem</strong></span> <span class='ocrx_word' id='word_1_256' title='bbox 577 2953 685 3014; x_wconf 89' lang='lat' dir='ltr'><strong>per</strong></span> <span class='ocrx_word' id='word_1_257' title='bbox 716 2954 781 2995; x_wconf 89' lang='lat' dir='ltr'><strong>se</strong></span> <span class='ocrx_word' id='word_1_258' title='bbox 812 2936 952 2995; x_wconf 85' lang='lat' dir='ltr'><strong>satis</strong></span> <span class='ocrx_word' id='word_1_259' title='bbox 985 2935 1066 2979; x_wconf 80' lang='lat'><strong>²⁰¹*</strong></span> <span class='ocrx_word' id='word_1_260' title='bbox 1096 2934 1422 2995; x_wconf 81' lang='lat' dir='ltr'><strong>fruerentur</strong></span> <span class='ocrx_word' id='word_1_261' title='bbox 1457 2953 1595 2995; x_wconf 86' lang='lat' dir='ltr'><strong>sane</strong></span> <span class='ocrx_word' id='word_1_262' title='bbox 1624 2933 1914 2995; x_wconf 84' lang='lat' dir='ltr'><strong>vocabulo</strong></span> <span class='ocrx_word' id='word_1_263' title='bbox 1950 2934 2086 2993; x_wconf 86' lang='lat' dir='ltr'><strong>civi-</strong></span> 
     </span>
     <span class='ocr_line' id='line_1_34' title="bbox 105 3018 1972 3097; baseline 0 -20"><span class='ocrx_word' id='word_1_264' title='bbox 105 3020 258 3079; x_wconf 81' lang='lat' dir='ltr'><strong>tatis:</strong></span> <span class='ocrx_word' id='word_1_265' title='bbox 289 3019 539 3096; x_wconf 85' lang='lat' dir='ltr'><strong>insignia</strong></span> <span class='ocrx_word' id='word_1_266' title='bbox 569 3028 822 3097; x_wconf 87' lang='lat' dir='ltr'><strong>patrum,</strong></span> <span class='ocrx_word' id='word_1_267' title='bbox 851 3018 1066 3079; x_wconf 89' lang='lat' dir='ltr'><strong>decora</strong></span> <span class='ocrx_word' id='word_1_268' title='bbox 1093 3020 1520 3095; x_wconf 87' lang='lat' dir='ltr'><strong>magistratuum</strong></span> <span class='ocrx_word' id='word_1_269' title='bbox 1548 3036 1621 3077; x_wconf 92' lang='lat' dir='ltr'><strong>ne</strong></span> <span class='ocrx_word' id='word_1_270' title='bbox 1648 3018 1972 3095; x_wconf 87' lang='lat' dir='ltr'><strong>vulgarent.</strong></span> 
     </span>
    </p>

    <p class='ocr_par' dir='ltr' id='par_1_4' title="bbox 103 3102 2137 3522">
     <span class='ocr_line' id='line_1_35' title="bbox 219 3102 2085 3183; baseline -0.002 -19"><span class='ocrx_word' id='word_1_271' title='bbox 219 3104 322 3183; x_wconf 76' lang='lat'><strong>24.</strong></span> <span class='ocrx_word' id='word_1_272' title='bbox 365 3102 468 3162; x_wconf 91' lang='lat' dir='ltr'><strong>His</strong></span> <span class='ocrx_word' id='word_1_273' title='bbox 509 3112 680 3181; x_wconf 88' lang='lat' dir='ltr'><strong>atque</strong></span> <span class='ocrx_word' id='word_1_274' title='bbox 726 3102 932 3164; x_wconf 88' lang='lat' dir='ltr'><strong>talibus</strong></span> <span class='ocrx_word' id='word_1_275' title='bbox 973 3102 1122 3163; x_wconf 87' lang='lat' dir='ltr'><strong>haud</strong></span> <span class='ocrx_word' id='word_1_276' title='bbox 1160 3112 1457 3181; x_wconf 86' lang='lat' dir='ltr'><strong>permotus</strong></span> <span class='ocrx_word' id='word_1_277' title='bbox 1498 3104 1777 3182; x_wconf 79' lang='lat' dir='ltr'><strong>princeps</strong></span> <span class='ocrx_word' id='word_1_278' title='bbox 1807 3111 1867 3161; x_wconf 89' lang='lat' dir='ltr'><strong>et</strong></span> <span class='ocrx_word' id='word_1_279' title='bbox 1900 3103 2085 3162; x_wconf 82' lang='lat' dir='ltr'><strong>statim</strong></span> 
     </span>
     <span class='ocr_line' id='line_1_36' title="bbox 103 3187 2087 3248; baseline 0.002 -6"><span class='ocrx_word' id='word_1_280' title='bbox 103 3197 300 3247; x_wconf 84' lang='lat' dir='ltr'><strong>contra</strong></span> <span class='ocrx_word' id='word_1_281' title='bbox 345 3187 612 3248; x_wconf 86' lang='lat' dir='ltr'><strong>disseruit</strong></span> <span class='ocrx_word' id='word_1_282' title='bbox 654 3197 712 3248; x_wconf 84' lang='lat' dir='ltr'><strong>et</strong></span> <span class='ocrx_word' id='word_1_283' title='bbox 750 3193 962 3248; x_wconf 81' lang='lat' dir='ltr'><strong>vocato</strong></span> <span class='ocrx_word' id='word_1_284' title='bbox 996 3195 1198 3247; x_wconf 85' lang='lat' dir='ltr'><strong>senatu</strong></span> <span class='ocrx_word' id='word_1_285' title='bbox 1234 3188 1313 3247; x_wconf 87' lang='lat' dir='ltr'><strong>ita</strong></span> <span class='ocrx_word' id='word_1_286' title='bbox 1355 3203 1601 3247; x_wconf 86' lang='lat' dir='ltr'><strong>exorsus</strong></span> <span class='ocrx_word' id='word_1_287' title='bbox 1630 3193 1750 3247; x_wconf 82' lang='lat' dir='ltr'><strong>est:</strong></span> <span class='ocrx_word' id='word_1_288' title='bbox 1801 3187 2087 3246; x_wconf 78' lang='lat' dir='ltr'><strong>‘maiores</strong></span> 
     </span>
     <span class='ocr_line' id='line_1_37' title="bbox 105 3269 2089 3352; baseline 0.001 -25"><span class='ocrx_word' id='word_1_289' title='bbox 105 3272 244 3346; x_wconf 88' lang='lat' dir='ltr'><strong>mei,</strong></span> <span class='ocrx_word' id='word_1_290' title='bbox 286 3288 528 3350; x_wconf 88' lang='lat' dir='ltr'><strong>quorum</strong></span> <span class='ocrx_word' id='word_1_291' title='bbox 563 3272 984 3352; x_wconf 86' lang='lat' dir='ltr'><strong>antiquissimus</strong></span> <span class='ocrx_word' id='word_1_292' title='bbox 1025 3269 1269 3332; x_wconf 87' lang='lat' dir='ltr'><strong>Clausus</strong></span> <span class='ocrx_word' id='word_1_293' title='bbox 1310 3271 1535 3347; x_wconf 87' lang='lat' dir='ltr'><strong>origine</strong></span> <span class='ocrx_word' id='word_1_294' title='bbox 1571 3269 1783 3333; x_wconf 86' lang='lat' dir='ltr'><strong>Sabina</strong></span> <span class='ocrx_word' id='word_1_295' title='bbox 1826 3270 1989 3329; x_wconf 91' lang='lat' dir='ltr'><strong>simul</strong></span> <span class='ocrx_word' id='word_1_296' title='bbox 2030 3272 2089 3329; x_wconf 89' lang='lat' dir='ltr'><strong>in</strong></span> 
     </span>
     <span class='ocr_line' id='line_1_38' title="bbox 107 3353 2085 3434; baseline 0.002 -25"><span class='ocrx_word' id='word_1_297' title='bbox 107 3353 389 3415; x_wconf 81' lang='lat' dir='ltr'><strong>civitatem</strong></span> <span class='ocrx_word' id='word_1_298' title='bbox 427 3355 742 3417; x_wconf 87' lang='lat' dir='ltr'><strong>Romanam</strong></span> <span class='ocrx_word' id='word_1_299' title='bbox 786 3364 845 3415; x_wconf 92' lang='lat' dir='ltr'><strong>et</strong></span> <span class='ocrx_word' id='word_1_300' title='bbox 887 3356 942 3414; x_wconf 91' lang='lat' dir='ltr'><strong>in</strong></span> <span class='ocrx_word' id='word_1_301' title='bbox 985 3355 1229 3416; x_wconf 78' lang='lat' dir='ltr'><strong>familias</strong></span> <span class='ocrx_word' id='word_1_302' title='bbox 1273 3354 1649 3434; x_wconf 84' lang='lat' dir='ltr'><strong>patriciorum</strong></span> <span class='ocrx_word' id='word_1_303' title='bbox 1676 3353 1928 3414; x_wconf 85' lang='lat' dir='ltr'><strong>adscitus</strong></span> <span class='ocrx_word' id='word_1_304' title='bbox 1974 3363 2085 3431; x_wconf 88' lang='lat' dir='ltr'><strong>est,</strong></span> 
     </span>
     <span class='ocr_line' id='line_1_39' title="bbox 107 3432 2137 3522; baseline 0.004 -27"><span class='ocrx_word' id='word_1_305' title='bbox 107 3432 395 3500; x_wconf 82' lang='lat' dir='ltr'><strong>hortantur</strong></span> <span class='ocrx_word' id='word_1_306' title='bbox 441 3442 520 3498; x_wconf 90' lang='lat' dir='ltr'><strong>uti</strong></span> <span class='ocrx_word' id='word_1_307' title='bbox 547 3434 807 3522; x_wconf 88' lang='lat' dir='ltr'><strong>‘paribus</strong></span> <span class='ocrx_word' id='word_1_308' title='bbox 871 3441 1129 3500; x_wconf 87' lang='lat' dir='ltr'><strong>consiliis</strong></span> <span class='ocrx_word' id='word_1_309' title='bbox 1193 3440 1253 3499; x_wconf 87' lang='lat' dir='ltr'><strong>in</strong></span> <span class='ocrx_word' id='word_1_310' title='bbox 1301 3458 1367 3500; x_wconf 91' lang='lat' dir='ltr'><strong>re</strong></span> <span class='ocrx_word' id='word_1_311' title='bbox 1421 3438 1653 3520; x_wconf 87' lang='lat' dir='ltr'><strong>publica</strong></span> <span class='ocrx_word' id='word_1_312' title='bbox 1708 3438 2085 3519; x_wconf 85' lang='lat' dir='ltr'><strong>capessenda,</strong></span> <span class='ocrx_word' id='word_1_313' title='bbox 2110 3462 2137 3503; x_wconf 74' lang='lat' dir='ltr'><strong>s</strong></span> 
     </span>
    </p>
   </div>
  </div>
 </body>
</html>
