2475 4000
364 155 481 218 162
884 160 1213 210 colman
1257 158 1493 207 norm
1535 119 1901 206 amulum&

358 319 511 394 bant,
544 315 654 375 nec
682 313 956 374 decorum
986 314 1294 392 appellatis
1321 313 1576 372 minuere
1605 311 1792 372 fidem.
1859 311 1938 370 ita
1984 310 2174 391 primo
2219 327 2380 370 con-

360 399 607 464 cursatio
644 408 703 457 et
734 392 983 475 preces,
1030 398 1162 456 dein
1202 405 1469 474 strepere
1510 393 2114 476 praetoristribunal,
2163 412 2382 472 eaque

359 503 505 565 quae
552 481 810 542 remedio
854 482 1145 559 quae-sita,
1191 481 1442 540 venditio
1495 490 1576 546 et,
1597 482 1850 558 emptio,
1901 479 1960 537 in
1989 480 2382 539 contrarium

358 568 589 643 mutari,
622 567 753 643 quia
783 564 1182 624 faeneratores
1212 582 1436 623 omnem
1483 565 1788 643 pecuniam
1825 561 2152 622 mercandis
2193 565 2382 639 agris

295 678 341 718 ιο
362 649 746 712 condiderant.
816 650 1041 726 copiam
1082 646 1368 706 vendendi
1410 657 1610 708 secuta
1648 648 1867 708 vilitate
1887 691 1904 723 ,
1958 655 2173 725 quanto
2223 647 2378 724 quis

358 735 712 809 obaeratior,
756 733 987 808 aegrius
1030 731 1456 808 distrahebant,
1496 731 1769 809 multique
1815 730 2063 790 fortunis
2112 730 2378 808 provol-

359 817 665 885 ‘vehantun
709 816 937 876 eversio
976 815 1063 874 rei
1106 814 1400 873 familiaris
1439 815 1769 891 dignitatem
1814 833 1881 874 ac
1925 814 2134 874 famam
2177 832 2374 892 prae-

358 919 499 980 ceps
530 899 701 961 dabat
714 942 752 976 ,.
776 899 961 958 donec
1002 898 1127 958 tulit
1170 915 1342 976 opem
1387 897 1606 959 Caesar
1646 898 1926 976 disposito
1970 915 2079 976 per
2115 915 2376 958 mensas

356 986 579 1044 miliens
630 985 899 1044 sestertio
946 982 1211 1060 factaque
1265 979 1550 1041 mutuandi
1605 984 1773 1060 copia
1828 982 1953 1042 sine
2004 983 2198 1043 usuris
2253 999 2378 1059 per

292 1090 340 1129 ιε»
362 1069 689 1144 triennium,
741 1068 788 1126 si
840 1064 1068 1125 debitor
1116 1065 1334 1143 populo
1385 1066 1443 1123 in
1492 1063 1726 1142 duplum
1773 1065 2024 1144 praediis
2075 1066 2373 1125 cavisset.

360 1155 444 1212 sic
481 1153 700 1212 refecta
742 1148 917 1225 fides,
963 1159 1021 1209 et
1062 1148 1332 1227 paulatim
1379 1149 1584 1227 privati
1627 1166 1862 1227 quoque
1905 1149 2231 1210 creditores
2266 1168 2372 1208 re-

359 1236 525 1315 perti.
601 1252 789 1311 neque
832 1234 1044 1312 emptio
1093 1247 1364 1309 agrorum
1413 1233 1672 1292 exercita
1721 1233 1792 1292 ad
1829 1233 2072 1293 formam
2113 1242 2372 1292 senatus

328 1377 335 1386 ,
363 1317 628 1393 consulti,
664 1316 913 1393 acribus,
946 1326 1004 1376 ut
1033 1317 1215 1376 ferme
1249 1317 1400 1394 talia,
1432 1319 1628 1392 initiis,
1657 1316 1951 1377 incurioso
1987 1317 2118 1377 fine.

288 1412 349 1466 18
486 1400 588 1465 24.
638 1399 785 1458 Dein
839 1400 1081 1460 redeunt
1142 1400 1368 1478 priores
1431 1410 1616 1462 metus
1682 1400 1975 1479 postulato
2033 1400 2367 1460 maiestatis

359 1481 629 1542 Considio
667 1482 947 1560 Proculo,
980 1485 1073 1562 qui
1105 1483 1263 1542 nullo
1294 1501 1514 1562 pavore
1561 1485 1710 1557 diem
1751 1484 2000 1561 natalem
2039 1482 2366 1544 celebrans

333 1575 552 1645 'raptus
602 1566 659 1624 in
701 1568 911 1626 curiam
976 1567 1306 1645 pariterque
1371 1568 1660 1628 damnatus
1722 1568 2180 1646 interfectusque
2243 1577 2363 1626 est.

355 1651 710 1712 sorori‘eius
752 1651 995 1710 Sanciae
1040 1666 1186 1728 aqua
1225 1659 1399 1729 atque
1453 1653 1572 1728 igni
1623 1650 1984 1711 interdictum
2035 1661 2364 1712 accusante

308 1759 335 1799 5
359 1734 431 1807 Q.
467 1732 803 1814 Pomponio.
866 1734 916 1792 is
943 1733 1197 1793 moribus
1224 1734 1450 1812 inquies
1477 1735 1626 1794 haec
1654 1744 1712 1794 et
1729 1735 1978 1796 ‘huiusce
2017 1735 2174 1797 modi
2219 1753 2256 1796 a
2291 1754 2364 1795 se

354 1817 603 1876 factitari
636 1817 1066 1895 praetendebat,
1098 1827 1161 1877 ut
1196 1827 1360 1896 parta
1406 1818 1556 1896 apud
1602 1819 1922 1897 principem
1963 1818 2155 1896 gratia
2197 1821 2360 1898 peri·

356 1900 830 1980 culis-Pomponii
871 1901 1119 1962 Secundi
1149 1901 1342 1961 fratris
1369 1902 1728 1962 mederetur-
1790 1904 1960 1964 etiam
1999 1905 2058 1962 in
2099 1903 2360 1981 Pompe-

352 1987 461 2045 iam
502 1984 811 2047 Macrinam
855 1985 1085 2047 exilium
1128 1987 1420 2062 statuitur,
1475 1986 1636 2048 euius
1675 1988 1936 2047 maritum
1981 1987 2357 2066 Argolicum,

354 2086 621 2129 socerum
648 2070 931 2130 Laconem
975 2089 1007 2129 e
1052 2070 1396 2149 primoribus
1439 2070 1808 2131 Achaeorum
1850 2070 2066 2133 Caesar
2109 2072 2356 2132 adflixe-

285 2178 337 2217 ω
352 2160 460 2211 rat.
528 2160 691 2230 pater
724 2170 955 2231 quoque
984 2153 1238 2214 inlustris
1267 2163 1448 2233 e'ques
1475 2155 1770 2215 Romanus
1799 2174 1868 2215 ac
1896 2155 2078 2215 frater
2115 2166 2355 2235 praeto·

350 2234 500 2308 rius,
534 2251 660 2293 cum
690 2235 968 2296 damnatio
998 2239 1272 2313 instaret,
1311 2258 1375 2299 se
1407 2240 1524 2319 ipsi
1565 2239 1938 2299 interfecere.
1999 2239 2191 2301 datum
2223 2250 2356 2299 erat

356 2316 589 2393 crimini,
622 2317 774 2395 quod
804 2318 1195 2397 Theophanen
1237 2321 1643 2398 Mytilenaeum
1685 2341 1960 2403 proavum
2005 2342 2202 2383 eorum
2235 2320 2346 2381 Cn.

350 2399 593 2475 Magnus
612 2403 771 2460 inter
800 2404 1026 2461 intimos
1054 2402 1370 2483 habuisset,
1403 2406 1674 2485 quodque
1704 2407 1977 2469 defuncto
2004 2406 2346 2485 Theophani

354 2481 644 2543 caelestes
674 2484 925 2545 honores
954 2485 1179 2548 Graeca
1208 2487 1458 2550 adulatio
1489 2489 1792 2551 tribuerat.

283 2571 342 2627 19
481 2566 586 2627 25.
631 2568 773 2628 Post
814 2586 961 2645 quos
1000 2570 1137 2629 Sex.
1182 2571 1396 2631 Marius
1438 2573 1838 2655 Hispaniarum
1883 2576 2186 2637 ditissimus
2238 2572 2349 2635 de·

350 2648 533 2709 fertur
560 2652 877 2711 incestasse
907 2651 1079 2713 filiam
1121 2664 1179 2713 et
1219 2672 1364 2715 saxo
1408 2656 1658 2737 Tarpeio
1697 2658 1958 2737 deicitur.
2017 2678 2088 2719 ac
2125 2676 2200 2719 ne
2242 2657 2351 2719 du·

350 2731 503 2792 bium
531 2733 840 2821 haberetur
866 2736 1307 2811 magnitudinem
1337 2743 1618 2819 pecuniae
1655 2742 1804 2803 malo
1846 2746 2134 2820 vertisse,
2177 2762 2352 2803 aura-

348 2818 465 2875 rias
498 2817 1011 2897 arqentariasque
1042 2820 1199 2897 eiuS,
1233 2841 1570 2904 quamquam
1601 2825 2067 2905 publicarentur,
2108 2826 2356 2888 sibimet

302 2921 325 2959 5
352 2899 612 2975 Tiberius
654 2904 931 2979 seposuit.
968 2902 1370 2984 inritatusque
1412 2910 1712 2989 suppliciis
1755 2920 2030 2988 cunctos,
2071 2911 2170 2989 qui
2215 2929 2349 2971 car-

349 3002 483 3042 cere
526 2985 907 3044 attinebantur
952 2990 1203 3048 accusati
1249 2995 1545 3054 societatis
1590 3013 1717 3055 cum
1744 2996 1994 3072 Seiano,
2027 2998 2228 3055 necari
2259 2996 2352 3054 iu·

346 3066 463 3126 bet.
521 3069 693 3129 iacuit
720 3070 975 3129 inmensa
1006 3079 1268 3151 strages,
1310 3078 1490 3136 omnis
1531 3086 1738 3156 sexus,
1787 3081 2212 3155 omnisaetas,
2259 3080 2350 3138 in-

346 3150 559 3210 lintres
598 3150 917 3231 ignobiles,
968 3152 1219 3233 dispersi
1265 3169 1378 3225 aut,
1405 3165 1687 3238 aggerati.
1717 3176 1721 3182 ’
1755 3182 1946 3243 neque
1973 3164 2352 3242 ‘propinquis

344 3244 435 3291 aut
467 3238 663 3297 amicis
692 3237 1012 3315 adsistere,
1053 3239 1460 3318 inlacrimare,
1487 3264 1562 3304 ne
1610 3249 1802 3307 visere
1850 3246 2080 3325 quidem
2111 3246 2350 3307 -diutius

276 3331 325 3373 ιο
344 3314 610 3394 dabatur,
664 3321 767 3381 sed
812 3308 1161 3384 circumiecti
1198 3326 1489 3385 custodes·
1519 3336 1576 3388 et
1614 3332 1672 3389 in
1701 3349 2024 3391 maerorem
2055 3332 2346 3409 cuiusque

341 3401 549 3465 intenta
576 3414 825 3503 corpora
852 3407 1666 3490 putrefactaadsectabantur,
1697 3413 1826 3475 dum
1855 3416 1912 3475 in
1936 3414 2189 3475 Tiberim
2218 3424 2340 3475 tra-
