2475 4000
721 205 934 254 mann
962 163 1086 255 ιω.
1133 206 1283 254 car.
1329 205 1571 282 58—647
1745 178 1752 186 ⁰
2007 197 2162 260 ’221

464 305 501 318 δ

152 362 549 442 uopbontem,
594 362 757 422 cuius
800 361 1042 420 scientia
1074 314 1205 439 ipse
1240 369 1536 439 uteretur,
1583 362 1787 424 eadem
1820 363 2037 425 familia
2069 382 2162 426 or·-

174 457 301 523 tum,
346 446 737 526 precibusque
768 445 892 505 eius
923 444 1198 521 dandum,
1220 455 1302 505 ut
1341 446 1494 505 omni
1526 445 1738 506 tributo
1767 449 1935 508 vacui
1969 449 2026 509 in
2057 468 2160 530 po-

170 540 371 591 sterum
404 529 514 591 Coi
542 547 770 590 sacram
800 537 859 588 et
892 537 1107 588 tantum
1137 529 1233 589 dei
1261 529 1574 590 ministram
1601 530 1841 590 insulam
1875 531 2182 594 colerent.-

168 633 345 694 neque
374 614 607 676 dubium
633 613 881 675 babetur
908 613 1081 673 multa
1114 613 1477 673 eorundem
1459 633 1517 672 ιιι
1547 613 1825 693 populum
1841 615 2160 678 Romanum
2180 639 2229 678 10

31 753 34 766 s
165 700 357 758 merita
386 699 697 777 sociasque
720 698 997 757 victorias
1028 697 1290 775 potuisse
1321 697 1496 759 tradi:
1529 706 1622 758 set
1643 696 1944 775 Claudius,
1977 700 2158 762 facili-

31 781 33 841 ἑ
165 791 271 843 tate
300 782 476 844 solita
511 782 666 861 quod
694 783 789 842 uni
820 790 1229 860 concesserat,
1275 781 1448 842 nullis
1481 784 1844 842 extrinsecus
1871 782 2158 845 adiumen-

162 869 227 926 ὼ
254 867 509 1011 νέἑᾶηὶι
552 949 811 1024 Byzantii
854 947 985 1008 data
1025 947 1254 1009 dicendi
1292 950 1495 1028 copia,
1541 967 1670 1009 cum
1713 949 2159 1051 magmtudmffl!

160 1051 391 1096 onerum
424 1032 579 1112 apud
610 1040 867 1093 senatum
896 1032 1384 1112 deprecarentur,
1421 1025 1624 1094 cuncta
1649 1036 2004 1118 repetivere.
2038 1037 2160 1096 orsi

160 1138 188 1179 a
216 1109 467 1179 foedere
500 1117 657 1196 quod
686 1115 987 1176 nobiscum
1016 1117 1261 1194 icerant,
1297 1136 1407 1196 qua
1439 1127 1786 1195 tempestate
1813 1109 2158 1180 bellavimus

158 1203 439 1264 adversus
465 1213 671 1278 regem
696 1200 1105 1276 Macedonum,
1154 1203 1244 1260 cui
1273 1211 1336 1261 ut
1372 1201 1652 1278 degeneri
1680 1201 2159 1283 Pseudophilippi

156 1285 503 1349 vocabulum
544 1286 889 1364 inpositum,
930 1286 1137 1344 missas
1175 1285 1438 1363 posthac.
1461 1287 1666 1365 copias
1703 1287 1760 1345 in
1792 1286 2208 1366 Antiochum‚5

154 1371 369 1434 Persen
388 1415 409 1448 ,
443 1369 862 1460 ¹Aristonicum,
894 1378 953 1428 et
980 1369 1225 1449 piratico
1256 1369 1416 1430 bello
1443 1369 1688 1430 adiutum
1705 1368 2012 1431 Antonium
2041 1391 2156 1432 me-

154 1453 489 1530 morabant,
536 1471 800 1532 quaeque
837 1453 1033 1513 Sullae
1074 1462 1172 1512 aut
1198 1452 1438 1514 Lucullo
1483 1463 1580 1514 aut
1606 1454 1886 1534 Pompeio
1920 1450 2157 1517 obtulis-

154 1548 312 1617 sent,
347 1555 489 1598 mox
522 1540 781 1597 recentia
812 1539 871 1596 in
902 1535 1193 1598 Caesares
1222 1539 1460 1615 merita,
1495 1538 1725 1617 quando
1757 1556 1828 1600 ea
1853 1539 2040 1600 loca
2022 1541 2156 1600 msi-

152 1623 383 1700 derent,
430 1639 577 1702 quae
610 1621 1088 1682 transmeantibus
1132 1631 1288 1682 terra
1330 1625 1586 1702 marique
1619 1623 1860 1684 ducibus
1889 1620 2156 1685 exerciti·

150 1707 413 1786 busque,
448 1705 613 1765 simul
644 1705 913 1765 vehendo
946 1715 1266 1766 commeatu
1301 1717 1584 1786 oportuna
1612 1707 1824 1768 forent
2160 1720 2226 1768 ἰο

264 1792 373 1854 63.
422 1787 683 1888 Namque
724 1790 1013 1850 artissimo
1058 1791 1207 1853 inter
1232 1789 1531 1869 Europam
1561 1790 1876 1870 Asiamque
1906 1792 2158 1854 divortio

147 1871 487 1952 Byzantium
522 1875 579 1932 in
624 1881 879 1934 extrema
922 1873 1157 1953 Europa
1204 1889 1460 1954 posuere
1507 1873 1750 1950 Graeci,
1792 1876 2006 1952 quibus
2046 1876 2155 1952 Py-

148 1961 325 2022 thium
358 1957 696 2038 Apollinem
738 1957 1217 2036 consulentibus,
1248 1956 1343 2017 ubi
1386 1956 1702 2018 conderent
1750 1955 1976 2036 urbem,
2027 1960 2154 2021 red·

146 2046 322 2106 ditum
354 2042 655 2105 oraculum
699 2051 821 2119 est,
868 2052 1218 2121 quaererent
1259 2041 1459 2101 sedem
1506 2058 1812 2101 caecorum
1851 2044 2024 2102 terris
2057 2045 2154 2104 ad-

144 2146 399 2189 versam.
444 2144 517 2187 ea
542 2126 785 2203 ambage
812 2124 1189 2187 Chalcedonii
1218 2125 1703 2202 monstrabantur,
1739 2126 1896 2205 quod
1923 2126 2154 2207 priores
2177 2144 2202 2184 5

145 2215 287 2274 illuc
318 2210 592 2288 advecti,
651 2212 921 2289 praevisa
964 2211 1227 2270 locorum
1272 2210 1544 2286 utilitate,
1603 2212 1810 2289 peiora
1837 2212 2153 2312 legissent.

146 2299 368 2378 quippe
401 2295 737 2369 Byzantium
766 2294 943 2353 fertili
974 2294 1135 2371 solo,
1167 2277 1418 2356 fecundo
1441 2296 1604 2382 mari,
1633 2297 1764 2375 quia
1793 2298 1882 2355 vis
1912 2297 2155 2397 piscium

142 2384 438 2456 imnensa,
468 2378 709 2439 Pontum
740 2396 1048 2458 erumpens
1072 2387 1130 2438 et
1156 2378 1408 2457 obliquis
1437 2340 1654 2439 subter
1663 2378 1844 2439 undas
1867 2383 2024 2441 saxis
2055 2398 2154 2441 ex-

142 2465 385 2539 territa,
436 2465 653 2523 omisso
689 2462 927 2523 alterius
964 2462 1150 2523 litoris
1189 2464 1345 2525 flexu
1383 2463 1497 2525 hos
1531 2462 1602 2523 ad
1635 2472 1840 2542 portus
1875 2463 2152 2524 defertur.

142 2549 295 2610 unde
330 2549 518 2627 primo
546 2550 891 2625 quaestuosi
922 2555 981 2606 et
1008 2547 1297 2626 opulenti;
1335 2556 1472 2627 post
1498 2546 1884 2625 magnitudine
1915 2564 2152 2607 onerum
2173 2563 2223 2605 ιο

141 2638 435 2711 urguente
472 2632 641 2691 finem
676 2639 772 2691 aut
799 2630 1027 2692 modum
1058 2632 1335 2710 orabant,
1379 2632 1670 2692 adnitente
1701 2632 2003 2710 principe,
2054 2634 2152 2710 qui

142 2716 439 2779 Thraecio
464 2714 935 2795 Bosporanoque
964 2714 1124 2776 bello
1148 2734 1358 2777 recens
1387 2716 1582 2777 fessos
1611 2713 2010 2794 iuvandosque
2038 2725 2152 2775 ret-

141 2801 290 2862 tulit.
356 2800 436 2860 ita
467 2798 678 2859 tributa
706 2799 765 2857 in
799 2802 1244 2878 quinquennium
1271 2801 1532 2861 remissa.

272 2884 377 2946 64.
421 2882 497 2944 M.
526 2882 731 2943 Asinio
760 2883 859 2943 Μ’.
890 2883 1083 2944 Acilio
1116 2883 1453 2945 consulibus
1481 2887 1845 2945 mutationem
1868 2902 2060 2944 rerum
2094 2886 2152 2943 in

142 2968 405 3028 deterius
447 2966 717 3046 portendi
760 2970 1055 3044 cognitum
1102 2977 1193 3028 est
1230 2968 1453 3029 crebris
1497 2969 1800 3049 prodigiis.
1871 2969 2037 3046 signa
2081 2987 2150 3029 ac

142 3053 393 3113 tentoria
438 3051 671 3112 militum
716 3053 836 3128 igni
880 3050 1121 3110 caelesti
1162 3069 1380 3113 arsere.
1444 3053 1680 3131 fastigio
1715 3052 1983 3132 Capitolii
2016 3070 2149 3113 exa-

143 3150 273 3196 men
312 3135 508 3215 apinm
539 3136 765 3197 insedit.
837 3133 1116 3195 biformes
1146 3136 1432 3208 hominum
1475 3147 1674 3217 partus
1713 3147 1774 3197 et
1813 3140 1930 3197 suis
1972 3138 2150 3197 fetum

144 3220 393 3298 editum,
442 3220 533 3281 cui
576 3220 913 3299 accipitrum
950 3238 1172 3298 ungues
1213 3222 1492 3281 inessent.
1563 3221 1964 3283 numerabatur
2001 3222 2150 3282 inter
2168 3239 2195 3281 5

144 3314 376 3365 ostenta
408 3303 733 3365 deminutus
764 3305 1005 3364 omnium
1034 3307 1466 3382 magistratuum
1487 3322 1786 3383 numerus,
1818 3316 2146 3385 quaestore,

144 3386 353 3466 aedili,
398 3389 627 3450 tribuno
674 3406 745 3449 ac
790 3398 1057 3469 praetore
1103 3399 1161 3448 et
1204 3388 1442 3450 consule
1487 3406 1708 3469 paucos
1739 3391 1884 3451 intra
1917 3408 2147 3452 menses

142 3471 457 3534 defunctis.
520 3473 627 3533 sed
657 3475 715 3533 in
746 3474 1063 3553 praecipuo
1098 3492 1320 3553 pavore
1347 3475 1703 3555 Agrippina,
1738 3492 1946 3537 vocem
1975 3475 2145 3537 Clau·
