2475 4000
357 152 479 216 216
856 157 1186 206 connum
1230 157 1466 206 ¹mern
1493 149 1886 212 summunt

326 315 487 400 ,acta
540 323 597 374 et
624 329 737 373 an·
758 311 1141 372 ulcisceretur
1200 311 1506 374 consultat.
1577 314 1788 391 paucis
1843 312 2029 374 decus
2080 311 2340 391 publicum

362 416 552 474 curae,
591 395 789 475 plures
816 403 933 455 tuta
970 395 1288 454 disserunt:
1323 387 1490 459 omne
1523 396 1726 457 scelus
1757 405 2066 456 externum
2095 413 2218 456 cum
2243 397 2339 456 lae·

315 485 482 547 stitia
526 479 880 548 habendum;
937 480 1153 540 semina
1208 480 1379 540 etiam
1435 480 1700 542 odiorum
1743 479 2044 556 iacienda,
2089 489 2148 540 ut
2189 498 2343 558 saepe

360 566 656 646 principes
698 563 940 624 Romani
984 562 1227 624 eandem
1256 563 1584 625 Armeniam
1631 565 1846 642 specie
1889 563 2211 640 largitionis
2249 573 2342 622 tur·

360 649 563 710 bandis
591 645 965 708 barbarorum
996 648 1197 707 animis
1228 647 1631 725 praebuerint:
1665 656 1984 726 poteretur
2013 645 2344 708 Radamistus

360 732 511 794 male
555 733 766 811 partis,
816 731 945 790 dum
984 731 1203 791 invisus
1248 731 1506 809 infamis,
1543 729 1780 810 quaudo
1825 729 1886 790 id
1927 733 2113 808 magis
2154 749 2224 790 ex
2259 749 2344 790 usu

248 847 255 852 ·
364 835 531 898 quam
574 817 624 876 si
668 833 795 875 cum
839 815 1029 891 gloria
1060 813 1302 893 adeptus
1331 815 1504 876 foret.
1553 817 1615 875 in
1644 815 1802 875 hanc
1841 817 2181 875 sententiam
2211 816 2341 874 itum.

298 927 350 968 ιο
366 919 441 962 ne
476 909 663 961 tamen
706 898 973 959 adnuisse
1014 897 1259 958 facinori
1302 898 1636 960 viderentur
1677 909 1740 960 et
1771 889 2007 959 diversa
2048 897 2251 959 Caesar
2275 900 2340 956 iu·

364 985 562 1061 beret,
606 983 764 1042 missi
804 981 876 1042 ad
915 980 1338 1042 Pharasmanen
1370 984 1582 1061 nuntii,
1623 992 1688 1044 ut
1716 983 2078 1046 abscederet
2105 1000 2137 1042 a
2165 980 2346 1042 finibus

365 1069 651 1130 Armeniis
685 1066 975 1144 liliumque
1007 1064 1387 1126 abstraheret.

480 1152 582 1214 49.
630 1149 773 1210 Erat
808 1147 1221 1229 Cappadociae
1252 1159 1599 1230 procurator
1637 1151 1827 1212 Iulius
1868 1150 2173 1228 Pelignus,
2201 1149 2341 1224 igna-
2411 1177 2415 1258 1*

364 1237 458 1296 via
489 1236 657 1295 animi
686 1243 745 1294 et
775 1233 1091 1299 deridiculo
1123 1236 1392 1313 corporis
1427 1237 1584 1296 iuxta
1608 1235 2048 1316 despiciendus,
2079 1233 2170 1294 sed
2193 1231 2338 1291 Clau·
2413 1261 2415 1264 ⁴

365 1320 461 1380 dio
512 1335 791 1397 perquam
845 1317 1171 1394 familiaris,
1237 1337 1364 1378 cum
1414 1320 1668 1399 privatus
1725 1321 1868 1380 olim
1929 1317 2336 1380 conversatione
2415 1286 2419 1416 ῙΙ

366 1419 691 1461 scurrarum
731 1403 887 1461 iners
918 1403 1093 1462 otium
1124 1400 1466 1463 oblectaret.
1520 1405 1571 1462 is
1607 1404 1940 1484 [Pelignus]
1988 1401 2198 1463 auxiliis
2221 1413 2336 1478 pro-
2419 1460 2421 1498 Ι

286 1483 693 1566 ,μίηοίαὶίιιιῃ
726 1487 1037 1556 contractis
1066 1485 1350 1564 tamquam
1389 1489 1827 1566 reciperaturus
1850 1488 2199 1559 Armeniam,
2227 1482 2338 1541 dum
2421 1548 2423 1572 Ι

370 1567 567 1628 socios
612 1568 796 1643 magis
839 1585 1006 1644 quam
1050 1568 1256 1629 hostes
1299 1570 1640 1650 praedatur,
1701 1571 1992 1633 abscessu
2043 1584 2256 1629 suorum
2291 1572 2339 1624 et
2423 1634 2425 1648 Ι

245 1723 255 1730 ἢ
368 1650 786 1712 incursantibus
820 1650 1079 1711 barbaris
1121 1653 1396 1730 praesidii
1427 1673 1612 1732 egens
1653 1655 1727 1716 ad
1759 1655 2144 1720 Radamistum
2175 1650 2334 1714 venit;
2423 1649 2425 1654 ’

370 1733 652 1812 donisque
685 1735 809 1794 eius
836 1736 1061 1794 evictus
1089 1735 1239 1796 ultro
1266 1739 1494 1815 regium
1523 1741 1752 1816 insigne
1778 1757 2010 1800 sumere
2041 1737 2342 1797 cohortatur

371 1820 729 1896 sumentique
759 1818 923 1879 adest
960 1827 1162 1879 auctor
1204 1829 1264 1880 et
1291 1821 1551 1882 satelles.
1611 1825 1769 1901 quod
1803 1824 1904 1883 ubi
1931 1818 2084 1901 turpi
2111 1821 2245 1880 fama
2273 1815 2338 1873 di-

304 1927 355 1969 10
372 1901 696 1979 vulgatum,
731 1919 805 1962 ne
836 1903 1015 1964 ceteri
1048 1921 1279 1982 quoque
1312 1925 1386 1965 ex
1414 1905 1658 1983 Peligno
1699 1909 2194 1977 coniectarentur,
2221 1898 2338 1960 nel·

372 1985 555 2048 vidius
596 1986 828 2048 Priscus
867 1987 1095 2066 legatus
1142 2008 1269 2049 cum
1313 1989 1548 2068 legione
1588 1992 1862 2071 mittitur,
1909 1990 2085 2053 rebus
2126 1983 2340 2049 turbidis

370 2088 478 2151 pro
518 2080 782 2151 tempore
824 2081 883 2131 ut
932 2073 1280 2133 consuleret.
1330 2076 1504 2152 igitur
1533 2093 1794 2157 propere
1840 2086 2090 2137 montem
2121 2072 2334 2133 Taurum

368 2164 769 2231 transgressus
810 2156 1206 2218 moderatione
1253 2159 1416 2239 plura
1445 2177 1614 2239 quam
1654 2163 1712 2220 vi
1743 2166 2184 2240 composuerat,
2227 2166 2334 2212 cum

370 2236 561 2296 redire
590 2239 647 2297 in
678 2240 901 2297 Suriam
944 2239 1200 2319 iubetur,
1245 2262 1318 2302 ne
1362 2244 1578 2303 initium
1622 2245 1764 2306 belli
1807 2245 2089 2307 adversus
2118 2236 2334 2301 Parthos

306 2343 356 2384 15
377 2321 671 2380 existeret.
1417 2345 1424 2353 ⁸

498 2405 595 2466 50.
650 2404 794 2465 Nam
834 2406 1171 2485 Vologeses
1210 2429 1406 2471 casum
1444 2413 1800 2474 invadendae
1837 2413 2144 2475 Armeniae
2178 2404 2324 2477 obvef

362 2489 529 2547 nisse
557 2497 747 2567 ratus,
791 2508 955 2568 quam
994 2510 1027 2551 a
1069 2494 1382 2555 maioribus
1413 2496 1532 2555 suis
1573 2514 1911 2575 possessam
1953 2504 2206 2557 externus
2231 2500 2322 2543 rex

372 2571 590 2648 flagitio
626 2576 947 2651 optineret,
996 2576 1280 2637 contrahit
1322 2581 1521 2658 copias
1563 2581 1913 2659 fratremque
1944 2578 2212 2642 Tiridaten
2239 2568 2322 2627 de·

344 2645 585 2715 ,ducere
626 2657 683 2715 in
730 2670 971 2735 regnum
1016 2668 1205 2738 parat,
1249 2678 1324 2720 ne
1371 2681 1480 2740 qua
1530 2682 1664 2742 pars
1706 2664 1910 2725 domus
1951 2665 2078 2725 sine
2119 2651 2324 2735 imP0f5⁰

329 2760 355 2799 5
377 2748 597 2815 ageret.
653 2742 887 2801 incessu
912 2741 1251 2803 Parthorum
1295 2746 1419 2805 sine
1460 2748 1584 2808 acie
1615 2749 1764 2826 pulsi
1793 2749 2029 2825 Hiberi,
2073 2742 2330 2815 urbesque

371 2821 771 2893 Armeniorum
790 2825 1071 2891 Artaxata
1091 2835 1148 2885 et
1165 2826 1583 2904 Tigranocerta
1599 2833 1795 2909 iugum
1816 2848 2120 2912 accepere.
2151 2816 2332 2885 deinde

372 2914 539 2967 atrox
578 2906 763 2966 hiems
808 2924 911 2968 seu
941 2926 1141 2987 parum
1180 2914 1404 2989 provisi
1435 2924 1788 2977 commeatus
1829 2927 1894 2977 et
1937 2924 2063 2978 orta
2103 2914 2332 2971 ex'utro·

373 3007 483 3067 que
507 2989 672 3050 tabes
695 2991 1026 3069 perpellunt
1044 2993 1390 3072 Vologesen
1425 3000 1688 3059 omittere
1719 3002 2063 3079 praesentia.
2097 3002 2330 3053 vacuam-

372 3090 485 3150 que
512 3092 709 3133 rursus
738 3074 1067 3135 Armeniam
1097 3077 1462 3141 Radamistus
1491 3084 1724 3161 invasit,
1771 3083 2144 3145 truculentior
2185 3082 2334 3151 qum

306 3178 356 3219 ιο
374 3165 572 3234 antea,
615 3164 899 3236 tamquam
944 3159 1222 3221 adversus
1256 3163 1590 3226 defectores
1628 3176 1688 3226 et
1727 3168 1784 3226 in
1821 3178 2084 3247 tempore
2111 3153 2334 3242 rebella·

248 3286 259 3297 ,
372 3246 550 3299 turos.
612 3248 784 3319 atque
823 3241 939 3320 illi,
988 3247 1246 3321 quamvis
1286 3250 1524 3308 servitio
1555 3250 1740 3325 sueti,
1785 3251 2108 3330 patientiam
2135 3242 2332 3303 abrum-

371 3332 511 3399 punt
540 3325 827 3401 armisque
856 3327 1075 3404 regiam
1106 3330 1576 3392 circumveniunt.
2299 3399 2312 3411 ,

487 3408 586 3467 51.
634 3405 762 3467 Nec
800 3408 950 3470 aliud
989 3412 1328 3473 Radamisto
1383 3413 1694 3474 subsidium
1741 3417 1848 3475 fuit
1894 3432 2060 3495 quam
2112 3402 2334 3488 pefflfffl·
